2842 4784
735 305 1652 387 PRAEFATIO.
1975 306 2230 385 lxxxix

216 475 505 587 equidem‘
569 505 991 590 argumento
1052 493 1307 565 ductus
1385 492 1689 575 credam,
1771 488 2227 564 correctiones

216 605 743 704 mutationesque
794 608 1171 681 Bafileenfis
1222 603 1571 680 Editionis
1613 600 1850 701 potius
1895 606 1984 677 ab
2033 603 2224 702 inge-

217 718 313 791 nio
370 721 769 794 correctoris
831 718 1191 816 profecta3‚
1258 709 1478 817 quam
1543 745 1582 792 e
1639 717 1983 792 veteribus
2037 718 2228 793 libris

214 833 431 928 petitas
460 837 613 912 effe.
726 837 923 908 Nan'i
954 834 1079 909 ubi
1108 837 1488 908 Bafileenfis
1534 834 1609 906 in
1651 833 1827 908 veris
1859 833 2225 907 corre8tio-

216 947 390 1022 nibus
434 948 785 1024 consentit
836 975 1002 1023 cum
1050 949 1383 1023 codicum'
1425 973 1745 1023 meorum
1785 947 2225 1036 lec‘tionibuS,
2310 967 2322 983 ¹

216 1057 275 1132 hi
300 1060 443 1136 sunt
469 1062 819 1158 ejusmodi
852 1061 989 1137 loci
1022 1089 1326 1161 quorum
1356 1078 1428 1136 et.
1463 1064 1852 1160 corruptela
1883 1077 1954 1135 et
1988 1089 2224 1136 emen-

214 1175 373 1248 datio
426 1191 570 1251 tam
636 1181 724 1250 fit
777 1175 1157 1263 manifesta,
1220 1191 1300 1250 ut
1369 1176 1724 1280 neminem
1789 1175 2228 1250 mediocriter

215 1287 465 1362 doctum
496 1292 747 1377 lateat,
780 1305 995 1388 atque
1028 1291 1201 1363 adeo
1234 1291 1355 1364 iste
1388 1290 1750 1364 consensus
1779 1315 1924 1366 non
1957 1315 1999 1365 a
2029 1315 2226 1364 com-

217 1403 379 1476 muni
426 1405 766 1479 codicum
818 1406 1233 1504 scriptorum
1286 1408 1724 1494 auctoritate,
1781 1409 1898 1482 sed
1947 1409 2038 1480 ab
2085 1407 2230 1504 ipsa.

216 1517 559 1616 corrigendi
627 1519 961 1594 facilitate
1030 1541 1125 1596 ac·
1190 1521 1692 1619 probabilitatis
1765 1521 1836 1594 vi
1911 1533 2226 1618 repeten-

217 1630 321 1704 dus
360 1635 461 1710 fit.
924 1624 929 1632 ’

295 1746 663 1824 Librorum
695 1752 1049 1824 Moralium
1083 1751 1255 1824 ordo
1288 1751 1478 1824 idem
1511 1750 1610 1824 est
1639 1749 1764 1847 qui
1811 1747 1886 1821 in
1919 1748 2180 1822 Aldina
2200 1778 2224 1821 ε

220 1857 317 1931 nifi
344 1864 528 1958 quod
564 1862 1147 1960 Galbae'proxime
1180 1863 1544 1959 subjicitur
1578 1864 1744 1936 Otho
1769 1893 1794 1934 .-
1829 1863 2026 1958 quod
2056 1862 2232 1936 item

224 1973 290 2045 fit
312 1973 375 2050 in
403 1977 765 2051 codicibus
796 1983 867 2050 A
900 1995 971 2052 et
1002 1981 1088 2051 E.
1192 1982 1385 2052 Nam
1418 1981 1530 2051 hae
1562 1978 1721 2052 duae
1774 1979 1938 2048 Vitae
1983 1976 2074 2048 ab
2105 1996 2230 2047 an·-

225 2085 398 2184 tiquis
442 2091 733 2166 librariis
784 2091 921 2166 fere
974 2071 1327 2166 Mralium
1368 2088 1714 2166 volumini
1757 2089 2224 2163 addebantur.

224 2205 377 2298 nfra}
407 2207 737 2305 denique,
774 2206 890 2281 seu
924 2209 1149 2280 Index
1181 2209 1467 2280 Graecus
1501 2205 1837 2288 librorum
1853 2203 2226 2278 'Wralt'um

230 2313 381 2393 idem
410 2321 509 2395 est
540 2321 667 2419 qui
700 2321 775 2394 in
808 2321 1091 2397 Aldina.
1849 2314 1856 2320 ’

125 2457 138 2466 ’
300 2433 636 2509 Caeterum
668 2435 1015 2532 proximo'‚
1052 2449 1213 2508 ante
1237 2433 1494 2509 saetam
1521 2438 1702 2510 hanc
1732 2439 2048 2511 Graecam
2080 2430 2224 2506 edi-

228 2544 479 2636 tionem,
510 2575 720 2638 anno,
753 2550 881 2648 qui
910 2549 1047 2622 fuit
1090 2573 1300 2648 1541,
1346 2551 1640 2624 Adoralia
1669 2547 1858 2622 edita
1890 2547 2048 2620 sunt
2079 2547 2228 2642 ple-

228 2683 417 2758 mque.
454 2662 707 2736 Latine
758 2663 899 2736 fere
951 2655 1413 2762 quadraginta
1473 2665 1644 2750 duo,
1703 2661 1876 2735 item
1931 2661 2226 2745 Basileae,

230 2776 385 2868 apud
430 2778 701 2872 Mrcn.
738 2778 1305 2850 IsmonmmM
1354 2777 1580 2851 forma
1613 2774 1943 2860 maxima,
1981 2775 2226 2847 eadem

232 2910 345 2980 qua
372 2893 610 2964 Graeca
643 2889 883 2964 editio.
986 2889 1217 2965 Tituli
1264 2891 1492 2988 prima
1534 2916 1615 2964 ac
1656 2887 2008 2987 praecipua
2044 2911 2226 2992 par-3,

232 3022 363 3074 nam
410 3017 638 3077 tot-um
688 3029 1037 3101 apponere
1052 3030 1213 3102 ‚non
1245 3005 1524 3090 attinet,
1575 3006 1726 3076 haec
1757 3001 1904 3074 est:
1961 3003 2226 3076 Plutar-

230 3117 311 3186 chi
362 3121 685 3207 Charonei,
738 3121 1093 3220 Philosophi
1138 3141 1203 3192 et
1254 3121 1560 3212 'Htstorici
1603 3117 1954 3209 Clarffmi,
2015 3120 2230 3212 Opera

230 3227 501 3320 Moralia,
552 3261 685 3333 qua
742 3237 807 3306 in
856 3235 1014 3306 hunc
1058 3235 1235 3334 qsque
1286 3235 1450 3308 diem
1506 3234 1742 3306 Latine
1781 3235 2038 3324 exstant,
2085 3234 2224 3304 uni-

232 3345 405 3442 versa.
495 3350 783 3422 Harum
832 3346 1033 3420 nobis
1083 3346 1732 3443 interpretationum
1765 3343 1902 3419 fuit
1935 3343 2226 3418 subinde

236 3453 441 3554 aliquis
468 3462 625 3538 usus
668 3465 757 3536 ad
800 3489 977 3536 verae
1007 3463 1319 3538 lectionis
1353 3461 1972 3560 investigationem.
2073 3459 2226 3558 Qi

237 3569 339 3642 fint
368 3573 741 3652 Plutarchei
773 3573 1011 3663 libelli,
1061 3577 1187 3675 qui
1218 3579 1646 3673 interpretes,
1684 3575 2104 3676 intelligetur
2133 3597 2224 3654 ex

238 3680 429 3760 Indice
454 3691 550 3782 II,
581 3691 747 3780 huic
780 3691 1025 3770 nostrae
1056 3689 1446 3792 praefationi
1480 3689 1872 3789 subjunCtO.
