2842 4784
481 306 580 370 xx
1049 288 1107 375 P
1157 292 1228 365 R
1277 292 1382 379 ΛΕ
1432 293 1495 367 F
1544 298 1615 371 A
1665 295 1737 371 T
1788 290 1821 369 1
1874 294 1969 369 Ο.

575 473 830 571 Qum
857 472 946 547 ad
977 472 1292 569 libellum
1317 481 1398 553 de
1419 446 1577 553 Sena
1601 480 1897 555 Numinis
1924 478 2223 553 Vindiaa
2254 482 2537 557 accede-

477 611 654 675 rem,
689 610 922 661 recens
954 614 1142 665 eram
1171 616 1214 663 a
1247 586 1649 689 principum
1686 596 2089 669 Auctorum
2128 597 2549 671 Graecorum·
2632 582 2637 587 ’

479 700 802 789 lectione,
849 718 932 777 ut
973 730 1064 781 ex
1115 705 1194 779 iis
1242 709 1441 805 quod
1484 710 1573 783 ad
1618 732 1766 783 rem
1806 710 2213 807 praesentem
2260 736 2541 785 accom-

477 819 854 893 modatum
887 822 1081 907 effet,
1117 820 1316 895 facile
1351 821 1523 897 mihi
1556 822 1917 919 subjiceret
1954 824 2328 907 memoria.⁸
2414 825 2542 900 Li-

477 933 726 1019 belluS,
760 950 1014 1030 utpote
1047 961 1332 1033 parvus,
1367 937 1733 1035 aliquoties
1768 942 2013 1027 lectuS,
2049 939 2149 1013 ita
2182 943 2539 1018 memoriae

479 1048 909 1137 tradebatur,
946 1066 1028 1125 ut
1057 1078 1223 1125 eum
1257 1056 1447 1151 quafi
1486 1052 1557 1125 in
1592 1068 1959 1130 numerato
1990 1056 2347 1131 haberem.
2420 1058 2543 1129 Ab

477 1164 617 1237 hoc
649 1161 822 1252 item
855 1190 1109 1253 recens,
1161 1167 1252 1251 ad
1289 1168 1459 1241 alios
1504 1170 1830 1267 legendos
1878 1170 2221 1245 Auaores
2261 1196 2541 1271 progre-

477 1278 698 1366 diens,
749 1304 866 1353 eos
901 1280 1120 1381 magis
1153 1286 1643 1379 percurrebam
1680 1310 1899 1383 quam
1931 1286 2273 1382 legebam,
2308 1304 2392 1361 ut
2430 1302 2537 1362 ta-

480 1420 646 1472 men
687 1397 1124 1481 attenderem
1171 1398 1368 1495 quod
1407 1400 1497 1469 ad
1542 1400 1733 1473 hunc
1782 1398 2099 1473 libellum
2140 1399 2545 1496 pertineret.

483 1512 718 1585 Locos
761 1536 801 1583 e
845 1510 1178 1595 doctrinis
1219 1512 1475 1609 petitos
1522 1512 1679 1587 satis
1724 1514 2071 1589 habebam
2117 1514 2427 1589 universe
2474 1528 2545 1591 et

481 1625 712 1699 obiter
743 1626 1165 1725 cognoviffe,
1211 1652 1354 1701 non
1382 1630 1675 1703 vacabat
1708 1654 1953 1703 eorum
1984 1626 2133 1703 vim
2164 1654 2257 1705 ex
2290 1628 2549 1706 intelli-

481 1740 720 1841 gentia
751 1756 821 1816 et
857 1741 1121 1819 ratione
1157 1740 1378 1817 totius
1411 1742 1744 1817 doctrinae
1783 1743 2177 1841 percepisse.

583 1862 686 1931 At
739 1857 812 1931 in
865 1858 1100 1956 magni
1161 1858 1389 1955 operis
1442 1858 1728 1957 negotio
1780 1859 1877 1933 nil
1924 1858 2139 1939 simile
2192 1858 2385 1935 istius
2434 1861 2547 1937 vel

481 1972 834 2049 facilitatis
885 1973 992 2046 vel
1043 1972 1368 2061 levitatiS,
1425 1972 1663 2049 omnia
1706 1974 1839 2047 alia
1890 1989 1963 2047 et
2012 1974 2278 2052 diversa
2318 1992 2543 2049 erant.

486 2087 696 2186 Coepi
731 2087 1072 2163 Auctores
1105 2114 1274 2163 cum
1311 2089 1634 2164 nondum
1666 2090 1883 2163 lectos
1924 2090 2175 2187 legere,
2228 2104 2388 2164 tum
2423 2114 2547 2165 an-

485 2220 600 2279 tea
631 2204 849 2277 lectos
883 2205 1196 2301 relegere,
1235 2228 1360 2275 nec
1406 2202 1626 2299 magis
1673 2203 2062 2290 Plutarchi,
2114 2228 2335 2302 quam
2369 2202 2547 2302 ipso-

487 2302 649 2396 rum
693 2318 967 2394 cauffa:
1025 2343 1168 2392 non
1203 2320 1481 2403 curfim,
1534 2318 1649 2393 sed
1696 2318 2176 2413 pedetentim:
2232 2320 2409 2417 saepe
2440 2318 2551 2395 in-

486 2432 744 2520 sistens,
793 2434 982 2505 locos
1027 2431 1338 2511 difficiles
1383 2432 1771 2519 excutiens,
1824 2432 2161 2530 plurimos
2194 2448 2443 2509 notans
2474 2448 2551 2509 et

485 2549 562 2627 in
593 2546 966 2624 adversaria
999 2546 1289 2622 referens
1335 2547 1551 2623 etiam
1594 2547 1721 2645 qui
1770 2549 1861 2621 ad
1910 2548 2375 2627 Plutarchum
2406 2574 2551 2623 non

485 2664 941 2763 pertinerent.
999 2664 1503 2751 ”Athenaeutm
1558 2678 1641 2740 ut
1686 2665 1821 2737 hoe
1866 2678 2049 2749 utar,
2091 2675 2297 2739 antea
2340 2663 2549 2761 quin·-

487 2780 722 2855 decim
763 2778 1012 2857 diebus
1059 2778 1469 2874 perlectum,
1518 2804 1709 2853 nunc
1752 2780 1917 2859 otto
1960 2780 2255 2861 demum
2298 2782 2547 2854 menfi-

487 2899 623 2971 bus
679 2893 964 2970 absolvi.
1071 2891 1535 2988 Philosophiae
1588 2890 2021 2989 aliarumque
2070 2893 2550 2971 doctrinarum

478 3013 630 3109 jam
667 3036 810 3085 non
843 3008 996 3083 satis
1047 3006 1261 3082 habui
1309 3008 1597 3101 disjecta
1644 3024 1713 3081 et
1764 3011 1953 3105 quafi
1988 3006 2281 3105 dispersa
2312 3005 2551 3087 vidifle

489 3128 812 3204 membra
842 3154 856 3199 ε
897 3124 994 3199 nil
1031 3122 1204 3197 mihi
1241 3122 1481 3195 anum
1514 3120 1903 3200 existimavi
1935 3122 2085 3210 nifi,
2120 3122 2357 3220 quoad
2392 3120 2555 3219 qui·

493 3243 662 3318 dem
693 3238 840 3333 eju's
885 3264 926 3313 a
969 3264 1082 3313 me
1125 3235 1270 3312 fieri
1307 3238 1557 3333 postet,
1609 3262 1849 3315 earum
1880 3235 2208 3323 formam,
2262 3260 2553 3323 nexum,

493 3373 569 3433 et
588 3357 803 3454 ⁸quafi
849 3378 1141 3449 corpora
1184 3351 1473 3448 propius
1518 3350 1919 3447 spectarem,
1974 3348 2344 3450 originem,
2392 3375 2559 3447 pro-

495 3474 779 3573 greffus,
839 3465 1195 3543 historiam
1246 3465 1553 3563 denique
1602 3466 2112 3563 cognoscerem.
2218 3463 2389 3542 Fuit
2444 3465 2560 3542 hic

498 3583 974 3683 complurium
1007 3584 1206 3656 labor
1235 3606 1606 3669 annorum,
1660 3580 1858 3676 cujus
1903 3580 2215 3655 fructum
2248 3582 2557 3679 peculia-

497 3703 690 3779 ribus
748 3698 823 3773 in
871 3695 1114 3773 scholis
1165 3722 1334 3771 curn
1379 3694 1803 3774 discentibus
1856 3696 2375 3773 communicare
2415 3720 2561 3773 non

499 3814 848 3901 dubitavi,
915 3813 1004 3885 ad
1071 3810 1431 3909 publicam
1496 3812 1731 3885 lucem
1794 3812 2029 3885 adhuc
2077 3809 2559 3889 immaturum

493 3928 854 4028 judicavi:
927 3943 1156 4025 partes
1211 3926 1503 4023 quidem
1556 3950 1725 3999 cum
1780 3944 1985 4002 antea
2038 3922 2342 4023 prodidi,
2399 3940 2559 4007 tum

501 4048 628 4133 suo
659 4048 818 4119 loco
851 4042 1150 4139 prodam
1170 4040 1258 4117 in
1292 4038 2051 4117 AnimadverfionibuS.

608 4156 772 4235 Alia
800 4154 1144 4233 tarditatis
1191 4152 1394 4235 causa
1440 4152 1575 4231 fuit
1623 4152 1697 4229 in
1748 4153 2234 4253 magnitudine
2266 4180 2562 4257 operum

2658 676 2711 731 Θ
