2842 4784
558 270 729 350 cxlii
1133 269 2060 348 PRAEFATIO.

556 458 773 534 talem
824 454 1141 543 exhibet,
1196 453 1421 554 qualis
1469 454 1622 541 est3
1690 458 1737 529 fi
1790 453 2082 552 quidem
2135 452 2234 528 ita
2282 452 2632 532 Latinum

553 571 748 658 facit,
785 587 868 646 ut
900 568 1131 646 fuiffet
1166 573 1213 644 fi
1250 571 1506 650 Latine
1537 569 1934 668 scripsisset:
1989 583 2059 642 et
2103 569 2184 644 iis
2217 569 2338 668 qui
2381 571 2632 644 Graeca

554 683 881 764 nondum
932 683 1087 759 satis
1141 684 1576 784 intelligunt,
1629 685 1966 760 idoneum
2023 687 2318 784 apponit
2369 685 2630 760 intelli-

550 801 809 902 gentiae
844 801 1423 890 instrumentum,
1473 804 1674 900 quod
1705 801 2027 900 perpetui
2065 805 2146 876 fit
2180 800 2392 876 instar
2425 827 2628 876 corn-

550 917 903 998 mentarii.
1006 920 1120 992 Ut
1156 943 1419 992 novam
1462 916 1588 1014 ipfi
1632 914 2018 993 faceremus
2068 917 2502 1002 Verfionern,
2555 914 2632 991 in

550 1045 752 1112 tanta
781 1031 1065 1130 reliquae
1102 1032 1346 1108 nostrae
1379 1057 1608 1130 operae
1653 1031 2113 1106 multitudine
2163 1047 2235 1105 et
2283 1029 2630 1120 molestia,

552 1174 767 1227 nemo
816 1175 1064 1246 aequus
1106 1175 1191 1226 ac
1228 1150 1536 1248 prudens
1583 1146 1837 1222 laboris
1887 1147 2265 1222 aestimator
2313 1147 2628 1244 postula-

550 1266 754 1342 verit.
810 1269 1034 1344 Sumfi
1074 1269 1476 1340 Verfionem
1511 1266 1995 1350 XYLANmu,
2031 1260 2336 1336 hominis
2373 1264 2628 1336 Graece

553 1380 955 1479 Latineque
988 1381 1385 1467 doetiffimi,
1420 1393 1492 1454 et
1527 1381 1763 1454 multo
1798 1380 2384 1454 Plutarcheorum
2411 1377 2632 1450 libro-

554 1521 717 1571 rum
770 1496 901 1574 usu
952 1494 1382 1570 exercitatum
1445 1495 1663 1569 Hanc
1715 1492 2024 1592 primum
2074 1519 2166 1567 ex
2215 1491 2634 1568 melioribus

553 1603 887 1687 codicum
920 1609 1335 1686 lectionibus
1368 1627 1440 1683 et
1469 1609 1711 1684 nostris
1744 1609 2180 1707 aliorumque
2207 1607 2634 1703 conjecturis

552 1727 645 1802 ad
677 1725 1069 1814 veritatem,
1104 1726 1179 1800 id
1213 1726 1337 1814 est,
1374 1751 1777 1824 germanam
1813 1724 2144 1801 Auctoris
2179 1724 2636 1812 sententiam,

554 1842 871 1931 correxi3
922 1841 1345 1928 existiman3‚
1380 1843 1542 1938 plus
1575 1840 1749 1916 mihi
1787 1840 1859 1916 in
1889 1866 1971 1914 ea
2005 1865 2222 1939 quam
2255 1840 2331 1914 in
2369 1842 2638 1916 Graeco

552 1975 895 2036 contextu
954 1958 1157 2032 licere
1201 1989 1217 2030 :
1302 1982 1740 2055 quamquam
1799 1955 2004 2030 initio
2069 1955 2362 2054 quidem
2427 1958 2634 2031 locos

554 2075 899 2155 Verfionis
933 2074 1057 2173 qui
1094 2072 1361 2172 aliquid
1392 2070 1855 2146 dubitationis
1907 2072 2266 2159 haberent,
2317 2069 2632 2146 intactos

552 2188 830 2286 reliqui,
882 2189 1384 2265 correctionem
1437 2186 2176 2262 Animadverfionibus
2230 2185 2576 2262 reservans
2611 2219 2632 2262 :

552 2327 725 2378 mox
778 2301 1135 2376 intellecto
1184 2315 1537 2398 quantum
1585 2301 2023 2376 incommodi
2071 2304 2222 2376 haec
2269 2301 2447 2376 ratio
2497 2307 2631 2378 ha-

548 2417 744 2492 beret
796 2418 885 2488 ad
933 2417 1316 2515 legentium
1371 2419 1604 2506 usum,
1655 2418 2095 2518 corrigendos
2139 2421 2328 2494 locos
2375 2445 2636 2495 ornnes

548 2531 643 2606 ad
680 2529 1035 2625 judicium
1074 2557 1315 2606 meum
1348 2533 1582 2608 statim
1634 2533 1708 2607 in
1743 2534 1888 2630 ipsa
1925 2537 2249 2610 Verfione
2285 2533 2634 2632 corrigere

548 2646 845 2748 perrexi.
950 2646 1255 2733 Deinde,
1286 2650 1375 2721 ad
1423 2649 1782 2724 Plutarchi
1819 2648 2118 2723 formam
2151 2649 2632 2749 habitumque

548 2786 707 2840 eam
750 2763 1091 2850 revocavi,
1142 2789 1311 2838 cum
1337 2764 1428 2850 ‚in
1483 2767 1859 2841 verborum
1910 2766 2188 2840 delectu
2236 2781 2394 2838 tum
2447 2790 2632 2840 con-

548 2877 947 2956 structionis
996 2878 1285 2954 ratione.
1391 2882 1610 2954 Porro
1668 2879 2054 2954 maximam
2111 2879 2628 2978 perspicuitatis

543 2995 889 3070 rationem
940 2995 1211 3081 habui3
1290 3021 1537 3072 cavens
1603 3021 1716 3078 ne,
1784 2995 1982 3092 quod
2033 2993 2179 3068 aliis
2231 2993 2623 3084 nonnulli8‚

548 3105 737 3186 idern
768 3109 1109 3186 accideret
1138 3109 1340 3195 mihi,
1376 3124 1458 3182 ut
1489 3135 1645 3186 mea
1673 3114 1906 3186 Verfio
1937 3110 2228 3184 subinde
2263 3109 2404 3207 ipsa
2435 3137 2630 3210 opus

545 3225 830 3298 haberet
868 3222 999 3298 alia
1028 3227 1374 3298 Verfione.
1483 3225 1810 3324 Denique
1847 3226 2311 3300 Latinitatem
2347 3227 2630 3324 purita-

545 3352 837 3434 temque
886 3338 1149 3424 curavi‚
1202 3341 1438 3435 quoad
1489 3339 1636 3434 ejus
1689 3342 2027 3418 servandis
2073 3342 2332 3416 caeteris
2374 3343 2630 3418 officiis

544 3449 695 3526 fieri
728 3468 1028 3548 poterat.
1134 3457 1315 3552 Qae
1359 3455 1515 3528 sane
1547 3456 1788 3530 omnia
1819 3456 2078 3532 servare
2109 3475 2325 3555 atque
2361 3459 2629 3534 effectu

548 3583 619 3642 et
674 3566 947 3643 actione
1001 3567 1446 3666 conjungere,
1493 3570 1772 3644 difficile
1816 3570 1936 3646 est.
2041 3571 2208 3648 Feci
2262 3587 2628 3668 quantum

542 3682 775 3785 potui.

534 3793 547 3804 ⁴
646 3802 1005 3874 Caeterum
1067 3823 1293 3896 neque
1346 3800 1482 3872 hoc
1534 3800 1802 3874 filentio
1859 3803 2431 3897 praetereundum
2491 3803 2622 3878 est.

548 3917 632 3989 In
683 3913 1127 4012 singularium
1179 3914 1574 3988 libellorum
1635 3917 2212 3990 Plutarcheorum
2261 3918 2628 3992 Editioni-

548 4028 684 4102 bus
716 4053 797 4100 ac
834 4028 1281 4102 Verfionibus
1315 4028 1474 4102 sunt
1509 4055 1682 4125 quas
1719 4056 1847 4104 nec
1881 4030 2122 4118 habui,
2159 4057 2287 4106 nec
2321 4032 2632 4108 nancisci

546 4141 779 4242 potui.
884 4145 1040 4220 Nec
1092 4158 1331 4220 tamen
1394 4171 1512 4219 eos
1571 4149 1951 4244 quaerendo
2005 4146 2630 4249 exspectandoque
