2842 4784
555 314 650 399 cii
1123 308 2047 393 PRAEFATIO.
2508 231 2629 319 ’ἱ

556 497 984 603 probabilis:
1059 495 1132 569 in
1192 520 1336 594 qua
1388 497 1435 567 fi
1496 493 1838 569 Latinitas
1884 488 2176 567 subinde
2216 486 2631 588 negligitur,

557 620 696 692 hoc
763 630 1002 689 totum
1066 637 1107 684 a
1167 610 1673 709 perspicuitatis
1740 608 1974 685 studio
2038 605 2435 704 profectum
2486 604 2621 683 est.

559 728 807 825 Hujus
841 726 938 801 rei
977 725 1118 823 ipse
1151 726 1455 799 cauffam
1492 724 1665 799 dicit
1700 724 1793 797 ad
1827 725 2332 798 LunovrcvM
2368 720 2625 797 Corni-

559 858 712 917 tem
745 839 1442 929 Rheno-Palatinum
1477 840 1677 936 cujus
1700 838 1972 922 nomini
2006 838 2301 913 Moralia
2334 834 2627 931 inscrip-

559 964 691 1041 fit:
747 960 891 1057 Qo
922 984 1140 1043 minus,
1174 954 1435 1053 inquit,
1472 982 1614 1029 curo
1648 980 1849 1039 eorum
1885 956 2308 1047 morofitatem
2364 955 2469 1049 qui
2510 951 2643 1042 nili

568 1079 1057 1159 Ciceronianam,
1105 1075 1356 1171 tersum,
1406 1076 1801 1171 politumque,
1852 1088 1917 1143 et
1972 1070 2159 1167 nescio
2210 1094 2321 1167 quo
2369 1068 2633 1149 tandem

489 1280 498 1293 .
563 1194 954 1285 instrumento
1007 1191 1312 1273 limatum,
1379 1188 1545 1259 nihil
1592 1185 1885 1283 probant.
1992 1188 2131 1283 Ego
2188 1186 2633 1282 perspicuitati

566 1326 816 1405 operam
878 1304 1053 1389 dedi,
1109 1328 1228 1401 qua
1281 1300 1445 1374 nihil
1490 1301 1673 1385 debet
1733 1303 1840 1397 ff
1896 1302 2211 1399 antiquius
2275 1300 2633 1393 interpreti..

571 1422 782 1507 Verba
816 1420 1042 1512 tfitata
1074 1433 1138 1489 et
1169 1416 1392 1514 diserte
1415 1415 1843 1512 figtzficantia
1876 1418 2062 1486 multo
2098 1414 2294 1485 malui
2304 1414 2448 1510 suis
2479 1414 2639 1483 locis

571 1536 878 1609 adhibere
907 1559 1085 1633 qnam
1099 1531 1438 1629 ‘obscurare
1449 1531 1665 1623 studio
1690 1532 1879 1628 nescio
1910 1534 2080 1631 cujus
2110 1529 2495 1601 Latinitatis
2528 1551 2641 1607 res

571 1653 758 1751 ipsas.
863 1648 1061 1746 Azgsus
1090 1648 1234 1745 sum
1270 1650 1461 1718 etiam
1494 1648 1591 1717 uti
1622 1670 2060 1744 nonnumquam
2094 1646 2161 1715 in
2198 1642 2641 1741 philosophicis

571 1766 956 1865 explicandis
1001 1766 1254 1836 licentia
1301 1761 1825 1859 confingendorum
1857 1762 2217 1846 verborum,
2268 1777 2339 1831 ut
2368 1761 2653 1856 intelligi

549 1884 880 1983 ssntentiae
941 1881 1289 1977 pofflm—.
1393 1876 1749 1975 Equidem
1818 1878 1999 1950 hanc
2064 1878 2461 1949 Verfionem
2524 1872 2640 1947 ita

571 1994 855 2082 retinui,
904 2008 989 2067 ut
1029 2018 1186 2067 eam
1235 2018 1404 2067 cum
1448 1994 1539 2063 ad
1586 1990 1943 2065 Plutarchi
1976 1990 2301 2065 habitum
2332 2014 2639 2085 compo-

573 2113 1062 2209 sitionemque,
1133 2122 1294 2193 turn
1345 2131 1509 2197 vero
1568 2107 1656 2193 ad
1720 2106 2053 2191 Latinam.
2122 2104 2487 2191 rationem,
2552 2118 2643 2185 et

573 2228 910 2324 majorem
943 2222 1160 2309 etiam
1193 2220 1787 2319 perspicuitatem,
1822 2220 2356 2307 conformarem,

641 2335 1188 2427 ‘Annotationes
1237 2336 1507 2434 primus
1557 2339 1937 2413 Plutarcho
1988 2336 2239 2434 adjecit
2296 2337 2649 2411 Xnam

577 2483 763 2532 nnn.
867 2456 1132 2527 Earum
1173 2476 1506 2529 numerus
1552 2453 1625 2528 in
1674 2455 2027 2529 Moralium
2075 2452 2433 2527 volumine
2468 2452 2651 2528 hinc

577 2568 897 2649 aestimari
932 2568 1183 2669 potest,
1217 2570 1418 2671 quod
1452 2585 1521 2645 et
1558 2572 1797 2653 breves
1830 2570 1990 2643 sunt
2022 2584 2093 2643 et
2120 2568 2401 2643 minuto
2428 2583 2651 2666 typo-

577 2716 740 2766 rum
776 2686 992 2763 modo
1025 2682 1319 2771 excusae,
1370 2700 1442 2759 et
1492 2684 1605 2760 sex
1652 2685 1853 2783 supra
1898 2683 2411 2783 quinquaginta
2439 2685 2651 2782 pagi-

579 2832 702 2881 nas
737 2804 976 2879 formae
1013 2794 1340 2877 maximae
1375 2803 1685 2901 explent.
1791 2800 2123 2876 Plurimae
2173 2801 2263 2873 ad
2306 2802 2651 2874 emenda—

580 2922 850 2996 tionem
899 2934 1393 3017 corruptorum
1446 2919 1765 2993 locorum
1814 2916 2231 3002 referuntur,
2280 2914 2663 3013 pauciores

579 3040 672 3113 ad
704 3036 1232 3123 illustrationem
1265 3034 1746 3117 obscurorum.
1837 3035 2328 3131 Utrarumque
2364 3030 2660 3107 bonitas

579 3176 664 3228 ac
695 3147 1088 3249 praestantia
1117 3147 1532 3245 intelligitur
1572 3174 1662 3229 ex
1696 3148 1901 3245 ipsius
1934 3148 2266 3225 facultate
2300 3148 2661 3223 §cuma

587 3289 690 3337 DR
703 3289 760 3350 1,
813 3262 938 3359 qui
990 3262 1065 3334 in
1135 3260 1331 3347 omni
1399 3264 1977 3347 Plutarcheorum
2030 3262 2371 3341 librorum
2432 3288 2658 3361 argu-

585 3393 832 3466 mento
864 3376 1131 3474 egregie
1163 3374 1491 3463 versatus„
1544 3370 2020 3454 doctrinarum
2062 3380 2255 3453 haud
2284 3360 2667 3477 vulgarerri

585 3490 942 3569 scientiam
975 3503 1211 3565 mente
1243 3493 1680 3587 complexus,
1716 3496 1990 3575 valebat
2014 3494 2357 3595 exquifita
2376 3498 2665 3571 Graecae

585 3608 890 3708 Linguae
923 3604 1199 3689 scientia
1228 3620 1298 3679 et
1333 3606 1463 3693 usu
1496 3608 1877 3685 Plutarchi.
1954 3612 2091 3691 Sed
2124 3610 2667 3687 emendationes

587 3725 919 3823 plurimas
969 3722 1043 3803 in
1099 3724 1420 3811 Verfione
1486 3726 1847 3820 expreffas,
1912 3725 1985 3801 in
2042 3725 2671 3805 Annotationibus

591 3866 736 3915 non
771 3838 1344 3935 commemoravit
1376 3871 1402 3926 3
1454 3842 1653 3937 quod
1700 3857 1770 3914 et
1818 3866 1943 3938 per
1990 3844 2215 3939 operis
2262 3838 2663 3916 festinatio-

591 3984 784 4043 nem,
833 3970 906 4028 et
952 3980 1074 4052 per
1107 3955 1491 4051 quamdam
1522 3954 1737 4029 animi
1772 3958 2209 4046 modestiam,
2258 3960 2470 4032 nollet
2508 3958 2663 4031 fin-

594 4074 760 4169 gula
793 4096 1090 4168 quaeque
1125 4072 1302 4172 bene
1331 4068 1537 4155 facta,
1590 4069 1931 4168 sigillatim
1961 4070 2176 4150 etiam
2208 4086 2539 4147 annotare
2576 4088 2665 4147 et

597 4188 786 4299 quasi
847 4186 1188 4275 ostentare
1315 4186 1487 4285 Qo
1545 4185 1777 4271 minus
1830 4186 2203 4286 quisquam
2260 4184 2669 4283 dubitabit,
