2842 4784
439 232 615 341 xxiv
1005 232 1937 343 PRAEFATIO.

437 461 582 535 tue,
633 444 805 523 mihi
847 441 1164 521 viderer:
1229 462 1448 547 atque
1493 449 1617 540 ita,
1667 454 1777 527 vel
1824 453 1957 526 hac
2006 451 2121 551 spe
2162 464 2502 530 recreatus

437 562 726 639 alacrior
784 566 876 639 ad
940 562 1442 661 quotidianum
1504 592 1684 665 opus
1736 570 2165 657 accederem,
2233 572 2346 643 vel
2412 568 2505 642 ad

441 678 758 779 quietem
806 704 923 753 me
971 680 1238 768 darem,
1287 696 1374 754 ut
1426 685 1711 757 auctore
1757 686 2051 759 Platone
2094 684 2337 757 suadet
2382 684 2504 757 Ci-

441 821 629 885 cer0,
673 821 756 869 ea
785 790 1258 893 parte'animi,
1309 822 1471 895 quae
1503 796 1759 873 mentis
1790 812 1859 872 et
1889 799 2151 873 confilii
2184 799 2309 886 est,
2360 798 2505 897 agi-

445 926 598 985 tata
657 926 730 987 et
793 913 1020 985 erecta
1084 910 1523 1010 saturataque
1588 916 1932 990 bonarum
1988 914 2507 1013 cogitationum

444 1028 693 1135 epulis,
797 1026 1010 1105 Faxit
1045 1030 1272 1115 DeuS,
1321 1044 1404 1104 ut
1456 1030 1571 1105 hic
1616 1031 1793 1105 mihi
1844 1030 2115 1105 fruetus
2149 1034 2229 1104 fit
2260 1055 2509 1129 perpe-

448 1148 664 1221 tuus!
743 1160 828 1221 ut
879 1143 1027 1241 ejus
1079 1160 1264 1220 certe
1311 1145 1579 1244 aliquid
1632 1146 1706 1220 in
1760 1144 1995 1222 animo
2040 1148 2320 1233 haereat,
2379 1170 2511 1221 nec

448 1262 674 1337 turbis
707 1286 790 1335 ac
821 1260 1026 1359 nugis
1057 1262 1484 1361 pervulgatae
1526 1262 2046 1337 consuetudinis
2076 1289 2157 1336 ac
2191 1262 2355 1336 vitae
2393 1277 2507 1336 to-

449 1394 571 1454 tus
616 1377 1001 1474 disjiciatur
1043 1391 1116 1451 et
1157 1378 1558 1453 evanescat!
1619 1384 1681 1457 F
1683 1380 1830 1453 axit
1877 1394 1962 1454 ut
2011 1379 2199 1455 idem
2244 1379 2515 1455 fructus

457 1520 584 1593 per
611 1494 920 1569 nostram
954 1491 1360 1569 Editionem
1393 1497 1481 1600 ad
1516 1493 1853 1593 plurimos
1892 1496 2203 1570 dimanet
2238 1522 2319 1570 ac
2351 1522 2513 1595 pro·

421 1624 750 1711 ¹pagetur
795 1611 1148 1683 bonarum
1193 1608 1592 1687 Literarum
1636 1610 1999 1699 studios03,
2049 1611 2408 1687 Plutarchi
2440 1627 2515 1685 et

451 1726 750 1803 lectione
781 1725 1242 1827 frequentata,
1275 1741 1348 1799 et
1384 1725 1838 1827 intelligentia
1871 1726 2091 1828 magis
2113 1727 2265 1824 jam
2300 1752 2516 1824 expe-

453 1843 630 1918 dita.
2356 1844 2365 1855 ’

555 1961 761 2068 Alter
795 1956 1325 2071 Emendationis
1356 1957 1511 2031 fons
1552 1974 1698 2032 erat
1750 1959 1823 2031 in
1872 1958 2291 2033 auctoritate
2322 1970 2517 2031 vete-

451 2096 634 2169 rum,
659 2074 1024 2160 librorum,
1075 2100 1245 2147 cum
1289 2074 1705 2171 scriptorum
1741 2089 1901 2149 tum
1932 2076 2310 2150 editorum.
2416 2076 2513 2148 Et

455 2188 804 2287 principio
837 2184 1126 2286 quidem
1159 2214 1248 2261 ex
1283 2188 1485 2263 editis
1520 2215 1664 2262 una
1696 2205 2071 2265 contentus
2103 2216 2294 2263 eram
2326 2192 2515 2263 STE-

463 2328 902 2378 PHAMANA
938 2306 1351 2389 recenfione,
1401 2329 1572 2377 cum
1623 2308 2010 2379 Genevenfi
2048 2305 2291 2379 formae
2324 2306 2518 2377 oeta·

337 2424 345 2431 '
455 2444 593 2506 vae,
675 2434 839 2492 tum
897 2416 1013 2491 illa
1073 2416 1268 2490 hinc·
1307 2418 1604 2515 repetita
1666 2420 2213 2505 Graeco-Latina
2272 2420 2516 2493 formae

459 2532 790 2609 maximae
838 2558 1008 2607 cum
1057 2531 1318 2607 Latina
1373 2533 1942 2631 interpretatione
1994 2550 2086 2609 et„⁴
2116 2534 2301 2608 notis
2352 2536 2517 2608 ΧΥ-

467 2675 781 2725 mmmm
817 2680 835 2723 :
889 2648 1228 2747 priorum,
1262 2648 1540 2723 Aldinae
1570 2666 1641 2723 et
1683 2653 2066 2725 Bafileenfis
2094 2652 2364 2726 nullam
2396 2652 2520 2723 ha·

461 2760 724 2840 bebam
775 2763 1148 2852 rationem,
1205 2778 1292 2837 ut
1343 2764 1563 2863 magis
1621 2766 1835 2840 etiam
1890 2794 2108 2866 quam
2162 2770 2520 2841 STEPHA-

466 2906 740 2957 mANA
807 2879 1356 2997 nffndosarum:
1432 2896 1692 2953 temere
1752 2882 2069 2979 quidem,
2138 2898 2224 2955 ut
2280 2880 2523 2978 postea

463 2994 743 3095 agnovi,
789 3011 861 3069 et
897 3021 1198 3069 errorem
1231 3022 1473 3069 meum
1509 2996 1799 3070 correxi.
1904 2995 2255 3094 Principio
2306 2995 2524 3095 igitur

464 3110 672 3185 unice
727 3110 1000 3185 codices
1064 3110 1347 3208 sc'riptos
1411 3110 1879 3184 consectabar.
1984 3110 2521 3186 Constituebam

467 3225 848 3325 praecipuas
893 3252 1018 3323 per
1059 3228 1427 3322 Europam
1478 3224 1940 3300 Bibliothecas
1989 3227 2200 3315 adire,
2252 3225 2527 3328 codices

466 3340 642 3417 meis
689 3340 914 3438 ipsum
971 3340 1296 3414 manibus
1344 3344 1633 3414 tractare
1680 3354 1751 3415 et
1792 3366 2176 3438 excerpere.
2281 3340 2527 3438 Hujus

470 3472 709 3531 tamen
745 3455 1003 3529 confilii
1037 3456 1321 3529 effectus
1353 3454 1535 3530 intra
1567 3483 1784 3529 unam
1816 3456 2120 3531 substitit
2148 3456 2523 3531 Parifinam

469 3569 1122 3671 peregrinationem.
1227 3572 1429 3658 Illuc,
1462 3588 1545 3645 ut
1580 3570 1891 3669 primum
1926 3571 2159 3669 potui,
2204 3587 2367 3645 ante
2396 3572 2527 3644 hos

471 3686 912 3787 undeviginti
961 3713 1204 3775 ann05,
1255 3686 1578 3775 evolavi3
1646 3688 1843 3783 quod
1891 3686 2326 3775 audivissem,
2378 3689 2525 3761 coi-

471 3804 804 3879 lec'tiones
834 3802 1176 3876 variarum
1211 3801 1595 3875 lectionum
1624 3803 1911 3899 amplae„
1966 3827 2005 3873 e
2054 3798 2296 3875 multis
2330 3801 2525 3874 codi-

473 3916 672 3993 cibus
703 3916 1052 4017 congestas
1082 3916 1513 4015 paratasque,
1551 3916 1649 3989 ibi
1684 3914 1946 3989 servari.
2033 3916 2255 4016 Qod
2296 3940 2524 4014 quum

472 4034 762 4131 praesens
816 4032 955 4129 ipse
1013 4046 1136 4105 aut
1187 4056 1439 4129 parum
1486 4044 1610 4103 aut
1664 4028 1964 4104 nihilum
2012 4031 2143 4102 effe
2186 4028 2525 4126 intellige-

474 4174 673 4238 rem3
746 4148 912 4225 dedi
969 4172 1084 4223 me
1133 4147 1224 4221 ad
1269 4144 1449 4244 ipsos
1497 4144 1773 4221 codices
1822 4136 2297 4234 conferendos⁹
2348 4166 2528 4243 quos
