2842 4784
793 201 1717 336 PRAEFATJQ
2108 253 2281 331 mu

197 424 336 503 vers.
393 457 428 505 1
447 454 644 520 200,
703 433 806 505 de
871 431 1115 508 Infulis
1171 435 1573 522 Baetomm,
1607 460 1723 509 -ex
1776 439 1929 511 Vita
1987 442 2287 527 Sertorii,-

208 564 416 645 p.571
463 562 544 619 et
589 572 776 647 572·
935 548 1054 621 Ad
1087 546 1250 621 vers.
1297 576 1511 647 1324,
1558 550 1647 623 de
1685 550 1937 623 Thesei
1972 553 2289 632 amicitia.

219 685 362 735 cum
389 664 836 757 Lycomede
868 662 939 735 in
971 666 1180 760 Scyro
1211 664 1453 753 insula,
1488 691 1577 739 ex
1608 670 1760 739 Vita
1780 667 2021 767 Thqfei,
2052 695 2126 765 p.
2160 674 2272 745 16.

303 770 1018 865 EUSTATHIUS,
1068 780 1258 853 haud
1302 780 1589 855 minoris
1638 780 1959 869 scientia-³,
2007 798 2075 859 et
2127 809 2273 859 rec·
2390 798 2397 807 ‘

237 890 404 963 tioris
441 889 704 987 judicii
757 894 1000 977 horno,
1051 894 1407 973 Plutarchi
1458 896 1651 967 locos
1694 896 1933 992 paucis
1962 896 2273 994 quidem

245 1004 419 1101 ipfius
462 1006 723 1093 verbi3‚
777 1006 891 1079 sed
939 1006 1330 1104 frequenter
1379 1027 1647 1095 tamen,
1694 1010 2025 1107 fignificat
2060 1010 2159 1085 ita
2188 1028 2275 1087 ut

243 1118 318 1193 de
347 1120 632 1197 sanitate
661 1136 790 1197 aut
833 1124 1226 1217 corruptela
1269 1124 1569 1220 vulgatae
1620 1123 1941 1197 editionis
1991 1126 2283 1221 conjec-.
2362 1202 2385 1221 ,

245 1250 380 1307 tura
435 1236 584 1309 fieri
655 1238 885 1331 poffit.
999 1235 1282 1309 Saniora
1351 1237 1865 1335 integrioraque,
1922 1242 2267 1336 exempla,

244 1373 436 1444 quaxn
461 1349 822 1445 hodieque
855 1349 1040 1437 sunt,
1073 1348 1252 1425 forte
1289 1350 1583 1437 habuit3
1634 1352 1869 1439 libros,
1898 1380 2089 1437 nunc
2114 1379 2271 1449 per-

241 1461 435 1549 ditos,
468 1466 702 1545 nullos
735 1464 1009 1538 habuit.
1097 1468 1420 1565 Ὁμηρικῶς
1454 1474 1709 1559 praem
1744 1468 2095 1549 Plutarchi
2128 1491 2281 1551 non

241 1594 620 1652 memorat:
676 1601 850 1675 quas
901 1580 947 1651 fi
997 1578 1362 1665 habuisset,
1415 1578 1763 1675 saepiffime
1806 1581 2119 1677 profecto
2159 1608 2283 1665 ear»,

237 1688 512 1767 eitaffiet.
615 1690 924 1767 Librum
977 1694 1092 1769 De
1135 1694 1521 1767 Fluminibus
1566 1712 1637 1767 et
1691 1698 2073 1782 Proverbia,
2122 1700 2283 1777 lau-.-

233 1805 352 1879 dat
401 1804 692 1883 nomine
746 1806 1126 1887 Plutarchi.
1226 1810 1631 1905 Sympqfiacos
1682 1809 1918 1896 libros,
1968 1810 2285 1883 crebrius

234 1918 366 1993 fere
383 1946 604 2017 quam
631 1920 828 2007 alios,
861 1924 952 1995 ad
983 1936 1208 2019 partes
1241 1940 1474 2009 vocat,
1508 1948 1893 2019 eorumque
1916 1923 2277 2020 aliquanto

237 2038 506 2132 probius
555 2039 990 2133 exemplurm
1048 2063 1262 2135 quam
1307 2039 1593 2135 vulgata
1638 2036 1867 2113 nostra
1912 2039 2093 2125 sunt,
2148 2039 2273 2113 ha-

235 2152 444 2227 buifl'e
489 2152 824 2227 videtur:
903 2152 1120 2227 veluti
1165 2152 1266 2239 ix,
1327 2178 1400 2249 p.
1452 2178 1615 2253 733,
1670 2155 1762 2239 Ε,
1819 2151 1917 2227 ita
1968 2150 2137 2250 legit
2186 2170 2329 2231 ταῦ-ς

237 2266 752 2341 emendavimus
814 2292 904 2339 ex
973 2266 1245 2363 optimo
1312 2267 1555 2340 codice
1606 2267 1964 2343 Palatino.
2084 2269 2279 2347 Haec

239 2380 418 2455 dicta
443 2382 608 2455 sunt
641 2382 730 2455 de
767 2381 1289 2457 Commentario
1323 2383 1409 2455 ad
1446 2384 1873 2457 Homerum.
1968 2384 2164 2459 Nam
2198 2382 2281 2459 in

243 2496 758 2569 Commentario
791 2496 886 2569 ad
909 2495 1324 2592 Dionyfium
1355 2496 1800 2594 Periegetem,
1838 2522 1982 2569 non
2010 2495 2133 2569 nifi
2166 2495 2275 2569 bis

241 2608 442 2683 exstat
482 2610 840 2683 Plutarchi
873 2608 1184 2695 mentio:
1237 2611 1326 2705 acl
1359 2610 1525 2684 vers.
1562 2615 1727 2709 285,
1779 2612 1867 2683 de
1901 2598 2272 2686 Germanis

241 2748 324 2796 ex
365 2728 512 2797 Vita
545 2726 788 2811 Marii,
843 2750 914 2820 p.
949 2751 1118 2816 411,
1169 2726 1274 2797 C:
1329 2725 1418 2797 ad
1466 2724 1631 2799 vers.
1676 2719 1842 2824 775,
1894 2722 1981 2795 de
2017 2723 2273 2819 Sinope

239 2836 420 2924 urbe,
483 2864 578 2911 ex
633 2840 787 2911 Vita
849 2840 1129 2923 Luculli,
1191 2864 1262 2933 p.
1306 2862 1475 2937 507,
1534 2842 1624 2913 A.
1726 2838 1862 2913 Sed
1924 2836 2273 2911 Eustathii
2382 2860 2387 2865 ·

239 2949 616 3025 testimonia
679 2952 804 3025 suo
867 2952 1200 3049 quodque
1266 2952 1422 3024 loco
1480 2953 1589 3025 vel
1648 2950 1722 3024 in
1789 2950 2271 3023 Annotatione

241 3062 822 3139 Emendationum
861 3065 1014 3160 jam
1057 3064 1510 3139 adhibuimus
1548 3065 1953 3151 Plutarcho,
2006 3052 2114 3137 v'el
2146 3066 2273 3140 ad-

243 3176 624 3267 hibebimus
657 3179 730 3253 in
765 3178 1541 3255 Animadversionibu5.·

332 3294 758 3367 lacertorum
809 3296 1208 3367 Auctorum
1260 3310 1332 3365 et
1385 3293 1663 3369 incertae
1710 3288 1958 3388 scripta
2008 3292 2274 3371 inedita

243 3406 468 3495 aetatis,
523 3409 659 3480 hoc
707 3424 944 3480 tamen
987 3408 1220 3503 potius
1269 3434 1485 3503 quam
1538 3406 1673 3479 alio
1722 3408 1793 3479 in
1840 3408 2089 3481 saeculo
2122 3436 2272 3507 -po⁴

249 3522 452 3593 nenda
479 3520 749 3595 censeO.
851 3524 1194 3618 Auonymus
1231 3523 1312 3594 de
1347 3522 1826 3595 Incredibilibus
1866 3522 1954 3595 ab
2004 3523 2273 3596 Allatio
2338 3566 2349 3579 ·

242 3630 446 3707 editus
470 3634 548 3709 in
585 3633 954 3731 Excerptis
989 3638 1290 3708 Rhetor.
1342 3652 1414 3708 et
1467 3635 1798 3731 repetitus
1820 3635 1886 3707 *a
1940 3638 2164 3710 Galeo
2196 3636 2271 3709 in

241 3744 584 3843 Opusculis
626 3748 830 3845 Phys.
868 3766 938 3823 et
977 3750 1288 3846 Mythol.
1341 3765 1555 3845 caput
1606 3752 1939 3823 octavum
1973 3750 2061 3821 de
2098 3748 2269 3821 Chi-

229 3882 416 3935 maera
445 3888 536 3939 ex
575 3863 938 3938 Plutarchi
962 3863 1141 3937 libro
1169 3866 1284 3937 De
1311 3866 1664 3937 Virtutibus
1689 3866 2046 3937 Mulierum
2082 3863 2268 3937 sum·
2294 3883 2323 3911 ⁰
2362 3862 2373 3874 ”

225 3986 368 4051 tum
396 3978 558 4065 effe,
613 3974 758 4073 ipse
789 3978 1179 4072 profitetur.
1287 3978 1575 4049 Collec‘iio
1612 3980 1917 4051 Locorum
1965 4005 2041 4051 ex
2092 3982 2157 4053 S.
2200 3983 2263 4053 S.

219 4088 512 4165 Patribus
545 4106 616 4162 et
649 4093 798 4162 aliis
833 4093 1247 4189 Scriptoribus
1293 4090 1474 4165 inter
1514 4116 1695 4189 quos
1734 4090 1945 4167 etiam
1998 4094 2267 4169 Plutar-

1193 4231 1232 4279 e
1269 4232 1336 4279 2,
