2842 4784
534 326 698 401 cxvi
1103 326 2029 403 PRAEFATIO.

537 508 810 585 monita
837 510 1218 608 reperimus
1251 541 1267 585 ε
1325 527 1487 587 tum
1518 536 1623 599 ea,
1676 537 1838 611 quae
1886 508 2122 585 nostro
2160 508 2282 608 ipfi
2316 510 2448 587 usu
2477 504 2621 587 ob-

536 626 980 713 servavimus,
1019 626 1487 723 subjiciemus,
1592 625 1821 701 Indici
1851 628 2000 701 haec
2030 626 2132 699 est
2172 628 2464 725 praefixa
2498 628 2619 701 in-

537 740 818 839 scriptio
859 772 876 814 :
975 746 1052 817 In
1125 744 1469 817 Plutarchi
1531 744 1943 838 Chaeroneufis
2012 744 2325 844 Opuscula
2393 744 2465 817 V
2451 744 2621 817 ariae

539 853 888 931 LeHiones.
995 860 1278 931 Lebiori.
1389 862 1620 932 Varias
1662 859 1986 932 Lefiiones
2021 860 2410 946 addidimus,
2450 886 2621 959 quae,

527 978 766 1070 partim
801 1000 876 1046 ex
911 974 1370 1064 douiffimorum
1414 978 1722 1061 virorum,
1774 972 2055 1047 Turnebi
2086 974 2409 1059 videlicet,
2454 976 2621 1047 Vul-

537 1090 701 1162 cobii
725 1107 790 1161 et
823 1088 1153 1188 Bongavfii
1179 1090 1519 1174 codicibus,
1563 1106 1753 1186 prout
1794 1113 1901 1161 eas
1931 1092 1999 1160 in
2026 1091 2309 1186 margine
2340 1105 2613 1188 annota7

535 1222 766 1277 verant
793 1234 816 1277 .-
859 1208 1098 1301 partim
1147 1208 1335 1277 etiam
1387 1230 1463 1276 ex
1512 1204 1789 1276 codicum
1837 1204 2096 1275 Aldinae
2138 1220 2201 1275 et
2254 1202 2623 1295 Basileetfis

539 1324 860 1397 Editionis
895 1348 1030 1396 cum
1063 1324 1174 1395 hoc
1205 1325 1396 1415 nostro
1430 1324 1755 1395 collatione
1765 1320 2060 1414 fideliter
2082 1324 2240 1419 sunt
2274 1337 2609 1416 excerptae.

539 1442 679 1513 Eas
733 1440 855 1512 tibi
903 1440 1350 1513 examinandas
1402 1442 1815 1535 proponimus.
1922 1436 2177 1534 Quanto
2234 1455 2441 1508 autem
2490 1436 2627 1509 tibi

512 1556 652 1649 fint
661 1558 918 1651 futurae
949 1558 1086 1653 zffui
1119 1573 1308 1651 penes
1343 1572 1407 1626 te
1440 1554 1552 1643 esto
1578 1554 1896 1653 judicium
1922 1580 1947 1623 .·
1996 1576 2075 1623 ex
2122 1554 2259 1654 ipsa
2292 1554 2449 1624 enim
2476 1556 2613 1624 lec—

536 1675 698 1744 tione
737 1676 1068 1769 percipies.
1175 1673 1418 1745 Literae
1467 1671 1567 1743 hae
1615 1671 1963 1769 majuscula
2014 1666 2093 1741 T.
2126 1670 2205 1740 V.
2232 1668 2316 1741 B.
2370 1664 2619 1740 Turne·

535 1790 706 1873 bum,
751 1792 822 1860 V
810 1790 1134 1875 ulcobium,
1169 1806 1234 1861 et
1267 1788 1671 1887 Bongatfium
1702 1782 1987 1859 indicant
2012 1811 2036 1855 .-
2084 1782 2219 1856 haec
2248 1810 2429 1870 vero,
2465 1783 2625 1855 cod.

535 1906 696 1978 Ald.
752 1924 816 1977 et
861 1906 1014 2003 Bas.
1063 1906 1328 1976 codicem
1375 1904 1680 1975 Aldinum
1720 1918 1785 1973 et
1820 1899 2623 1999 Bafileerfffiem.—-Acceffit

535 2021 636 2093 his
667 2023 858 2094 codex
885 2022 1026 2118 msc.
1063 2038 1223 2092 notae
1255 2022 1498 2115 optimae
1542 2018 1627 2089 ab
1674 2016 2027 2112 amplifflmo
2078 2032 2141 2087 et
2190 2014 2617 2105 humaniffimo

535 2140 682 2209 viro
719 2138 922 2209 Paulo
961 2137 1242 2207 Petavio
1283 2138 1348 2205 in
1376 2134 1609 2232 senatu
1656 2132 1993 2226 Parisietfi
2022 2132 2379 2224 Cotfiliario
2414 2133 2621 2228 regia,

539 2256 645 2348 qui
687 2253 966 2349 opuscula
1014 2254 1249 2349 aliquot
1293 2248 1648 2321 Moralium
1694 2248 2067 2321 continebat.
2172 2249 2281 2320 Ex
2321 2272 2389 2319 eo
2422 2252 2621 2319 vari-

537 2381 712 2435 antes
761 2368 1044 2434 leffiones
1089 2363 1186 2433 his
1239 2362 1431 2434 Notis
1494 2362 1677 2461 inseri
1729 2366 2089 2434 curavimus
2134 2362 2264 2459 sub
2315 2378 2461 2434 nota
2516 2363 2619 2436 P.

547 2482 766 2561 Utere,
801 2478 1060 2561 Leffor,
1091 2493 1154 2547 et
1165 2478 1368 2573 fave.
1458 2474 1661 2549 Huic
1698 2474 1921 2549 Indici
1956 2474 2405 2574 subjungitur
2434 2474 2625 2551 alius

537 2590 730 2687 isque
768 2588 1272 2665 brevis·1ndex
1323 2590 1628 2663 duarum
1678 2589 2093 2688 pagium-um
2128 2616 2209 2665 ac
2244 2589 2554 2665 dimidiae
2600 2624 2623 2667 ε

537 2709 736 2801 cujus
788 2706 901 2781 hic
953 2705 1052 2779 est
1105 2704 1355 2779 titulus
1390 2734 1406 2779 :
1488 2710 1832 2806 Sequuntur
1882 2707 2165 2805 quaedam
2214 2711 2380 2781 inter
2430 2706 2629 2783 Tomi

537 2823 716 2919 hujus
741 2823 1084 2917 psserioris
1115 2821 1318 2913 excust
1345 2846 1479 2893 cum
1512 2822 1861 2917 exemplari
1898 2822 2169 2893 Petavii
2196 2822 2623 2920 manuscripto

539 2942 946 3023 collationem,
999 2936 1360 3033 observata,
1394 2939 1618 3008 lefiori
1646 2962 1761 3009 non
1794 2937 2045 3007 inutilia
2072 2938 2341 3032 fictura.
2447 2936 2633 3008 Con-

533 3058 730 3125 tinent
779 3058 935 3127 enim
983 3079 1120 3126 cum
1163 3054 1529 3127 mendarum
1582 3053 1992 3152 quarumdam
2024 3052 2629 3151 {ypographicarum

537 3171 986 3253 correHionem,
1041 3186 1174 3241 tum
1202 3169 1520 3265 judicium
1570 3171 1653 3241 de
1700 3174 1847 3243 locis
1898 3168 2257 3270 quibusdam
2302 3170 2489 3241 aliter
2518 3171 2634 3241 le-

526 3286 780 3381 gendis.
909 3288 1012 3357 At
1077 3284 1496 3357 mendarum
1582 3284 1875 3383 quidem
1943 3282 2627 3383 typographicamm

537 3394 832 3471 minima
881 3422 1036 3493 pars
1085 3400 1394 3473 εοιτεᾶε,
1440 3397 1589 3473 est:
1646 3426 1775 3476 nec
1817 3400 2087 3495 judicia
2130 3402 2219 3475 de
2254 3400 2419 3475 locis
2450 3401 2634 3498 qui-

537 3510 834 3587 busdam
871 3510 1068 3588 aliter
1099 3513 1433 3611 legendis,
1470 3513 1869 3613 quidquam
1894 3540 2318 3617 magnopere
2353 3514 2635 3589 habent

539 3626 864 3727 exquifiti
919 3654 1002 3703 ac
1061 3627 1416 3727 diligentis
1464 3629 1738 3725 judicii.
1846 3632 2010 3711 Alia
2058 3631 2277 3705 etiam
2333 3630 2423 3704 de
2480 3630 2641 3705 hoc

537 3758 960 3843 argumento
995 3742 1322 3841 proditur
1353 3746 1610 3819 notitia
1663 3746 1733 3819 in
1786 3746 2179 3823 Editorum·
2218 3746 2333 3823 Cl.
2371 3744 2633 3820 MAR-

541 3888 681 3937 Νη
755 3875 825 3935 et
896 3866 1016 3959 J0.
1075 3866 1398 3937 Aunku
1464 3866 1553 3939 ad
1622 3867 2133 3941 vmcomum
2201 3860 2631 3963 praefatione

537 4000 699 4072 quae
746 3974 820 4048 in
873 3974 1222 4071 principio
1281 3976 1661 4084 voluminis
1718 3982 2010 4055 Vitarum
2064 3978 2334 4067 exstat:
2410 3975 2631 4071 cujus

539 4090 960 4187 praefationis
995 4090 1308 4181 initium,
1359 4110 1445 4168 ut
1498 4094 1869 4193 quaestioni
1915 4098 2287 4193 propofitae
2332 4116 2633 4167 accom—

539 4208 938 4295 modatum,
973 4212 1292 4285 hocloco
1327 4212 1813 4308 reponendum
1838 4210 1982 4287 est:
2032 4210 2410 4308 Ampltffimo
2440 4212 2623 4291 viro,
