2842 4784
734 263 815 340 P
877 262 967 336 R
1026 261 1155 350 AE,
1200 260 1261 334 F
1312 259 1506 353 AT
1553 259 1590 334 1
1637 257 1733 334 Ο.
2083 256 2308 334 ’xxxiii

194 449 365 521 altera
394 445 735 522 editione
774 443 1250 545 cogitemuS,
1302 443 1590 542 quando
1625 441 1930 540 primam
1977 443 2306 520 nondum

196 588 260 634 eo
307 561 797 660 perduximus
864 576 971 634 ut
1040 559 1285 636 officio
1335 585 1462 634 nos
1509 556 1892 632 satisfecifl'e
1941 573 2303 656 putemus.

202 678 439 754 Deinde
500 677 1033 752 adhibeamus
1100 675 1381 750 muneri
1461 675 1810 774 explendo
1876 673 2300 763 neeeffirias,

212 813 537 892 tamquam
574 791 803 891 operi
835 791 1361 878 instrumenta,
1406 789 1824 878 facultates}
1833 815 2304 891 quaecumque

216 910 323 984 '211ae
350 913 471 984 fint
501 928 577 984 et
609 923 1038 994 vocentur,
1078 906 1470 1006 ingenium,
1520 907 1942 995 doetrinam,
1975 907 2300 984 industri-

222 1051 335 1114 am,
372 1025 875 1124 diligentiam,
938 1023 1440 1111 affiduitatem,
1489 1037 1796 1098 caeteras.
1897 1025 2074 1100 Hoc
2108 1026 2298 1102 enim

224 1142 615 1222 etofficium
668 1158 751 1217 et
808 1139 1089 1216 rationi
1134 1139 1680 1217 consentaneum
1729 1139 1916 1218 est.
1955 1141 2184 1244 Igitur
2228 1159 2302 1221 et

226 1275 431 1330 contra
476 1237 860 1344 officium,
915 1268 995 1330 et
1046 1255 1432 1332 absurdum
1479 1255 1606 1348 est,
1665 1257 1810 1332 solo
1855 1257 2140 1360 ingenio
2186 1261 2300 1340 uti

232 1373 413 1448 velle
397 1401 465 1448 m
496 1399 728 1471 opere
762 1372 911 1448 ubi
946 1387 1103 1446 tarn
1137 1397 1407 1472 magnae
1439 1370 1602 1448 sunt
1643 1387 1876 1474 partes
1909 1377 2300 1456 multarum

226 1488 481 1564 aliarum
508 1489 1009 1566 famltatum.
1096 1489 1237 1562 Sed
1264 1487 1442 1584 quid
1473 1487 1648 1564 illud
1679 1487 1782 1564 est
1811 1491 2060 1590 quod
2040 1493 2306 1594 ingenii

228 1601 473 1678 nomine
524 1605 921 1702 appellant
954 1604 983 1674 ?
1058 1601 1210 1692 Est,
1242 1599 1604 1701 inquiunt,
1654 1603 1964 1680 celeritas
2010 1607 2300 1697 mentiS,

232 1721 525 1797 velocitas
552 1718 1071 1821 cogitationiS,
1090 1717 1193 1794 est
1213 1717 1504 1802 omnino
1529 1718 1854 1794 divinum
1875 1720 2076 1818 quid,
2099 1725 2304 1821 quod

240 1838 285 1908 fi
330 1837 463 1934 quis
512 1840 785 1924 habet,
851 1835 909 1907 is
970 1834 1265 1932 reliquas
1318 1833 1684 1915 facultates
1739 1859 1886 1910 non
1938 1836 2298 1913 defideret.

238 1949 381 2042 Jam
428 1951 791 2050 intelligo,
902 1951 1031 2026 Est
1084 1949 1421 2030 nimirum
1480 1953 1644 2040 tale,
1703 1951 1912 2048 quale
1961 1947 2222 2026 dicitur
2259 1977 2306 2028 a

226 2066 501 2156 Platone
532 2070 633 2144 de
670 2066 943 2165 poetiS‚
974 2073 1153 2160 κὲφον
1183 2074 1405 2173 χςὶἶμα
1440 2071 1545 2146 καὶ
1576 2072 1778 2150 ’ω’Ἱηνόν
1812 2069 1918 2142 καὶ
1947 2073 2112 2173 hgin,
2148 2069 2302 2144 leve

226 2185 617 2281 mgotium,
674 2201 751 2259 et
790 2183 1180 2260 volaticum
1212 2211 1295 2259 ac
1328 2183 1644 2272 sacrum3
1696 2197 1808 2272 ut,
1859 2209 2090 2282 quum
2127 2182 2301 2260 nihil

224 2295 567 2385 didiceris,
620 2312 877 2372 tamen
909 2296 1149 2372 omnia
1176 2296 1490 2380 didicisse
1521 2295 1842 2372 videaris·
1944 2296 2302 2396 Equidem

229 2412 443 2486 nescio
478 2439 575 2488 an
612 2411 695 2486 in
728 2411 1047 2490 editione
1094 2413 1227 2486 hac
1275 2413 1690 2488 Plutarchea
1735 2409 2005 2510 aliquid
2035 2410 2300 2512 ingenii

224 2527 325 2598 fit.
422 2525 819 2612 HocsciO,
868 2526 1244 2624 quidquid,
1294 2543 1418 2602 aut
1472 2529 1520 2602 fi
1566 2524 1767 2625 quid,
1818 2530 1894 2600 in
1938 2551 2020 2600 ea.
2059 2527 2160 2602 est
2189 2525 2299 2602 in·

217 2641 597 2728 wadonis,
632 2642 779 2714 hoc
812 2666 926 2714 me
959 2666 1101 2715 non
1130 2643 1432 2718 volando
1465 2641 1857 2718 affecutum
1892 2643 2048 2716 effe.
2101 2639 2300 2716 Mihi

218 2783 367 2832 eam
416 2777 687 2836 natura
737 2757 992 2836 tribuit⁴
1042 2760 1473 2850 tarditatem,
1520 2775 1606 2836 ut
1651 2757 2002 2860 gradatim
2053 2785 2298 2859 proce-

220 2876 535 2976 dendum
572 2879 693 2964 fit,
744 2879 793 2950 fi
828 2901 979 2974 quo
1010 2875 1365 2974 pervenire
1400 2875 1712 2974 cupiam,
1749 2876 1864 2950 via
1893 2877 2298 2974 quaerenda,

222 2993 519 3072 miones
576 2991 1081 3079 subducendae,
1128 2991 1844 3090 circumspiciendum
1888 2988 1964 3066 in
2009 3015 2302 3068 omnem

225 3125 521 3212 partem,
546 3110 709 3182 lux
746 3107 1027 3182 aliunde
1052 3107 1232 3206 saepe
1267 3109 1732 3192 accendenda.
1835 3102 2139 3198 “,”Sed
2187 3109 2298 3184 in·
2351 3193 2361 3214 ,

216 3223 554 3320 quiunt,
582 3222 1203 3328 “compendium
1218 3222 1490 3298 laboris
1541 3223 1764 3300 facere
1815 3241 2094 3324 poteras
2153 3228 2300 3324 ejus

222 3351 271 3384 “
298 3355 503 3436 parte
540 3337 717 3414 aliis
734 3340 1202 3420 mandanda”
1266 3341 1585 3418 Fuerunt
1621 3321 1747 3440 qui
1782 3343 2056 3420 codices
2091 3345 2298 3448 scrip·-

220 3466 323 3528 toe
346 3453 499 3530 mei
530 3455 775 3530 cauffa
806 3470 1279 3553 excerperem:
1344 3457 1620 3533 Caetera
1647 3457 1889 3534 omnia
1923 3457 2064 3558 ipse
2095 3486 2297 3560 agere

220 3583 287 3644 et
314 3571 601 3646 efficere
632 3569 875 3648 debui.
950 3573 1137 3650 ,Nos
1186 3571 1311 3671 qui
1361 3571 1438 3648 in
1487 3575 1622 3647 hoc
1655 3570 2014 3650 literarum
2045 3601 2294 3674 genere

222 3705 299 3758 ac
324 3709 629 3789 munere
660 3684 1233 3781 versamurasinon
1279 3686 1666 3772 sumus2,ita
1713 3688 1900 3767 beati
1940 3704 2026 3762 ut
2080 3689 2152 3764 in
2195 3689 2298 3764 fa-

222 3797 413 3874 milia
438 3799 683 3902 nostra
710 3825 964 3898 pueros
998 3801 1305 3908 literatos
1354 3791 1765 3893 habeamuS,
1817 3802 2082 3903 quibus
2107 3806 2296 3881 hanc

222 3938 509 4011 operam
560 3919 999 3999 madentis.
1101 3921 1321 4020 Qios·
1340 3919 1558 4000 etiam
1609 3926 1656 3998 fi
1691 3923 2136 4012 haberemus,
2187 3939 2295 4000 ta·

226 4055 387 4126 men
418 4032 819 4134 certiusque
844 4034 1347 4134 lubentiusque
1393 4063 1521 4136 per
1568 4065 1696 4114 nos
1743 4039 1868 4138 ipfi
1919 4063 2138 4138 quam
2171 4067 2299 4142 per

228 4145 393 4222 alios
420 4149 848 4230 hanonfficii
868 4166 1148 4251 partem
1172 4145 1734 4296 exsequeremur.
1786 4156 2072 4244 Sumus,
2099 4159 2300 4268 quod

322 4289 516 4339 ὛΟῙ..
556 4291 654 4341 11.
1252 4293 1291 4344 C
