2842 4784
543 265 809 343 cxxxvi
1116 257 2044 340 PRAEFATIO.

546 451 784 525 Verfio
816 479 835 524 ε
888 449 977 522 de
1008 450 1223 522 altera
1252 464 1448 547 parte
1481 447 1929 522 monebimus
1968 444 2042 518 in
2077 440 2424 542 principio
2455 437 2624 539 pos-

544 565 885 640 teriorum
918 563 1368 639 voluminum
1400 589 1562 662 quae
1599 545 2336 636 Animadverfionibus
2369 558 2624 634 nostris

546 678 887 752 destinata
918 679 1103 754 sunt.
1208 681 1592 765 Caeterum,
1643 679 2014 776 quomodo
2063 676 2137 750 in
2187 679 2318 750 hac
2359 673 2624 774 triplici

546 793 833 870 materia
866 795 1353 868 constituenda
1384 793 1856 892 poliendaque
1889 792 2136 866 versati
2171 795 2408 880 fimuS,
2463 793 2624 866 bre-

546 911 726 986 viter
760 925 831 985 et
867 909 1273 985 summatim
1306 909 1724 983 referem‘us:
1783 934 1948 982 nam
1991 923 2232 982 totum
2273 910 2414 982 hoc
2445 933 2622 982 cum

548 1026 897 1127 sigillatim
926 1051 1329 1100 enumerare
1362 1023 1722 1100 infinitum
1747 1029 1854 1111 sit,
1891 1039 2050 1098 tum
2077 1022 2352 1122 plenius
2385 1026 2626 1098 multo

550 1159 623 1218 et
658 1140 1049 1217 accuratius
1081 1144 1334 1216 harum
1370 1140 1768 1216 Literarum
1820 1139 2025 1236 periti
2063 1165 2152 1213 ex
2187 1139 2331 1238 ipsa
2369 1140 2625 1214 nostrae

552 1259 902 1336 Editionis
935 1258 1232 1334 lectione
1268 1275 1339 1333 et
1377 1257 1793 1346 tractatione
1831 1255 2245 1356 intelligent.

650 1381 761 1450 Ac
792 1373 1023 1474 primo
1054 1375 1346 1474 quidem
1394 1359 1729 1448 Graecu'm
1775 1398 1979 1470 opuS,
2031 1372 2105 1446 id
2153 1373 2254 1446 est
2298 1376 2624 1448 Contex-

552 1505 713 1566 tum
749 1516 891 1564 non
948 1490 1225 1566 reddidi
1273 1517 1361 1565 ex
1404 1489 1777 1574 ‚Editione,
1825 1491 1936 1561 vel
1970 1488 2460 1584 Stephaniana,
2509 1489 2626 1560 vel

547 1607 708 1695 alia,
749 1606 867 1680 sed
908 1609 999 1681 ab
1035 1607 1309 1706 integro
1344 1603 1644 1680 recensui
1695 1620 1764 1676 et
1817 1601 2170 1676 constitui.
2271 1605 2497 1702 Qiod
2545 1603 2624 1677 in

550 1739 701 1800 tam
731 1739 1068 1824 corrupto
1103 1749 1310 1822 opere
1344 1741 1413 1798 et
1451 1722 1664 1798 tantis
1705 1721 1876 1794 meis
1917 1722 2164 1818 copiiS,
2217 1747 2360 1796 non
2398 1725 2628 1798 modo

549 1839 779 1926 licere,
813 1840 927 1914 sed
961 1839 1333 1916 necess‘ario
1366 1838 1778 1914 faciundum
1817 1833 2228 1910 existimavi.
2333 1839 2392 1910 F
2395 1838 2626 1911 unda-

552 1955 779 2032 menti
826 1955 1035 2030 instar
1084 1956 1301 2030 habui
1352 1953 1720 2040 Aldinam,
1765 1951 1882 2026 cui
1933 1967 2170 2026 totum
2218 1953 2630 2028 contextus

550 2074 743 2169 quafi
778 2069 1159 2144 aedificium
1192 2068 1728 2167 superstruerem
1775 2067 2180 2166 recipiendis
2213 2067 2626 2144 melioribus

550 2187 970 2262 lectionibus
1003 2203 1072 2262 et
1108 2188 1609 2285 supplementis
1638 2188 1976 2262 librorum
2005 2211 2174 2263 cum
2199 2187 2624 2285 scriptorum

552 2319 715 2376 tum
750 2303 1127 2377 editorum.
1236 2302 1604 2377 Et·videor
1651 2302 1828 2376 mihi
1879 2304 1978 2376 ita
2025 2305 2432 2402 expurgasse
2463 2307 2624 2378 vul·

551 2436 827 2518 gatum,
860 2417 1007 2516 'qui
1056 2420 1289 2492 adhuc
1336 2417 1650 2514 optimus
1701 2420 2116 2504 habebatur,
2169 2433 2626 2507 contextum,

552 2550 665 2623 ut,
718 2535 957 2632 quoad
1012 2533 1155 2630 ejus
1209 2533 1282 2608 in
1340 2535 1450 2608 his
1498 2537 1704 2612 rebus
1755 2535 1902 2609 fieri
1951 2533 2206 2634 potest,
2259 2537 2628 2610 Plutarchi

552 2677 849 2726 manum
898 2666 969 2724 et
1022 2649 1431 2747 scripturam
1477 2651 1904 2726 restituerem
1949 2650 2267 2748 plurimis
2315 2649 2388 2724 in
2425 2651 2626 2740 locis,

552 2784 678 2845 aut
713 2769 837 2842 ubi
872 2793 954 2841 ea
984 2767 1248 2843 restitui
1285 2794 1431 2842 non
1462 2767 1726 2865 potuit,
1759 2767 2174 2842 sententiam
2209 2783 2394 2840 certe
2421 2785 2626 2863 pate-

552 2887 849 2964 facerem
910 2883 1000 2958 ad
1068 2911 1225 2960 eam
1286 2881 1984 2970 verisimilitudinem,
2051 2897 2136 2956 ut
2199 2881 2626 2979 paucissimae

554 3005 886 3102 supersint
936 2999 1273 3099 ejusmodi
1324 3001 1776 3076 difficultates
1813 3027 1974 3100 quae
2010 2998 2626 3077 continuationem

552 3120 869 3194 lectionis
900 3135 970 3193 et
1006 3119 1486 3217 intelligentiae
1515 3119 2058 3217 interrumpant.
2121 3121 2624 3206 XYLANDER,

554 3238 773 3309 homo
818 3233 1109 3308 minime
1156 3260 1403 3322 vanuS,
1450 3235 1783 3332 professus
1828 3236 1926 3310 est
1955 3240 2034 3337 fi’
2065 3265 2181 3311 non
2213 3265 2398 3310 unam
2449 3265 2626 3312 men-

559 3351 775 3422 dorum
824 3351 1155 3424 chiliadem
1206 3353 1579 3450 expurgcffe.
1687 3357 1842 3450 Ego
1878 3355 2214 3427 affirmare
2261 3355 2453 3427 haud
2487 3354 2626 3426 du·

556 3463 739 3550 bito,
774 3487 887 3536 me
919 3463 1077 3559 post
1109 3465 1593 3551 XYLANDRI,
1631 3467 2047 3568 STEPHdAm
2085 3483 2154 3539 et
2189 3465 2628 3564 reliquorum

556 3603 866 3676 operam,
916 3577 1075 3673 plus
1130 3580 1348 3652 altero
1402 3595 1608 3653 tanto
1653 3595 1723 3655 et
1769 3583 2326 3677 corruptelarum
2373 3579 2628 3654 sanafl'e

555 3711 627 3768 et
681 3692 1184 3768 difficultatum
1239 3693 1682 3791 expediviffe.
1789 3699 1872 3769 In
1935 3695 2282 3770 mutanda
2327 3694 2630 3768 leffione

556 3811 843 3908 vulgata
894 3810 1123 3908 legem
1176 3807 1722 3906 religionemque
1780 3807 2062 3883 Criticae
2119 3809 2391 3883 secutus
2440 3806 2626 3894 sum,

557 3941 643 3998 ut
674 3939 747 4002 et
776 3925 1139 4022 vulgatam
1171 3937 1243 3997 et
1278 3922 1774 3998 restituendam
1805 3925 2184 3999 lectionem
2217 3923 2337 3997 sua
2371 3949 2624 4021 quam-

560 4067 699 4138 que
734 4039 1151 4114 auctoritate
1182 4041 1638 4138 ponderarem
1684 4058 1754 4116 et
1807 4045 1896 4116 ad
1933 4042 2210 4138 justum
2243 4040 2628 4140 probabili-

560 4153 723 4228 tatis
786 4155 1071 4232 censum
1134 4155 1570 4235 aestimarem.
1687 4157 2164 4235 Correctiones
2223 4155 2630 4254 conjectura
