2842 4784
746 277 1669 368 PRAEFATIO.
2155 303 2244 360 cv

226 461 665 538 enudationem
694 489 791 538 me
819 468 884 539 εἰ
904 467 1368 565 re1'publicaeque
1400 465 1625 538 debere
1655 465 2022 559 exssimavi.
2087 467 2242 542 An-

228 577 579 652 notationes
602 579 771 654 huic
796 579 1087 654 editioni
1122 581 1329 654 nullae
1362 579 1524 654 sunt
1550 579 1858 673 additae3
1909 579 2108 678 quod
2141 577 2243 656 sa·
2283 625 2291 630 -

226 689 299 766 tis
338 693 461 766 effe
508 695 798 768 duceret
860 695 1327 771 XYLANDER
1383 721 1498 770 eas
1550 695 1860 778 Verfioni
1901 694 2240 792 adjeeiffe.
2279 711 2286 718 ’

228 807 463 882 Galbam
490 824 563 882 et
600 811 932 897 Othonem,
983 836 1165 908 quos
1208 810 1466 908 priores
1502 808 1846 884 editiones
1873 811 2246 892 Moralxbus

228 923 546 1020 adjunstos
594 927 1009 1015 habuerant,
1060 925 1289 1022 omifit
1324 959 1347 1014 3
1398 942 1484 1000 ut
1526 925 1676 1022 jam
1717 924 1792 998 in
1827 923 2092 1002 Latina
2125 929 2244 1002 In·
2365 977 2370 984 -

228 1043 671 1140 terpretatione
722 1071 813 1120 ex
862 1047 1231 1130 Moralibus
1272 1047 1365 1122 ad
1412 1047 1596 1123 Vitas
1625 1070 1742 1120 eos
1777 1043 2242 1123 transtulerat.

230 1161 435 1234 Graeca
494 1160 857 1234 Plutarchi
924 1159 1254 1260 scriptura
1314 1158 1748 1236 emendatior
1809 1159 2081 1236 reddita
2145 1159 2249 1238 est·

228 1273 469 1372 reoeptis
502 1274 909 1351 melioribus
942 1276 1367 1360 leel-,ionibus
1392 1274 1666 1363 multis,
1715 1301 1886 1352 cum
1929 1302 1970 1352 e
1999 1276 2248 1354 codice

228 1388 671 1487 Episcopian0‚
722 1399 887 1466 'tum
936 1390 1011 1466 in
1054 1390 1296 1489 primis
1342 1390 1889 1468 correffionibus
1921 1395 2244 1490 complu-

222 1501 377 1579 dhus
408 1531 563 1604 quae
608 1506 762 1602 jam
794 1505 870 1582 in
904 1510 1229 1582 Verfione
1264 1508 1592 1604 expreffae
1621 1525 1869 1582 erant-z
1924 1508 2244 1618 paueiffi-

228 1620 351 1710 mis,
394 1623 615 1724 iisque
670 1623 969 1712 levibu5‚
1030 1624 1102 1699 in
1156 1623 1672 1700 mutationibus
1723 1651 1894 1700 curn
1949 1627 2245 1722 Stepha-
2285 1667 2290 1672 ’

228 1735 391 1812 niam
418 1739 731 1814 editione
764 1737 1154 1816 consentit:
1208 1765 1384 1838 quas
1414 1755 1665 1814 utrum
1709 1740 1804 1813 ab
1839 1738 1956 1813 illa
1985 1741 2243 1818 affumſs

228 1847 373 1939 serit,
411 1879 499 1930 an
544 1861 645 1928 'ex
686 1853 813 1928 suo
856 1853 999 1952 ipse
1046 1861 1389 1953 apparatu
1417 1851 1875 1952 expromserit
1907 1853 2086 1928 ΧΠ.
2099 1880 2246 1932 Διι-
2306 1873 2326 1894 ·

231 1989 389 2055 nan,
450 1971 757 2050 statuere
822 1997 969 2046 non
1030 1974 1309 2046 aufim·
1396 1967 1864 2068 plurimarum
1927 1984 2112 2044 certe
2175 1984 2248 2048 et
2391 2019 2398 2028 ·

230 2081 658 2161 maximarum
728 2111 891 2183 quae
958 2084 1035 2160 in
1102 2085 1464 2184 explendis
1531 2082 1800 2160 lacunis
1867 2081 2248 2173 versantur,
2361 2089 2366 2094 ’

226 2197 579 2294 cujusmodi
630 2205 1005 2300 permultae
1056 2203 1217 2278 sunt
1272 2201 1760 2300 Stephanianae
1816 2200 2248 2278 mutationes

228 2323 704 2420 mSympostatis
736 2322 1204 2422 Qaaestiom'bus,
1255 2320 1602 2396 rationem
1651 2321 1917 2396 nullam
1967 2317 2243 2395 habuit.
2375 2395 2382 2401 .

226 2430 549 2530 Equidem
612 2436 1155 2534 Stephanianam
1231 2433 1618 2512 editionem
1695 2435 2248 2514 emendatiorem

228 2544 421 2625 didam
439 2585 466 2639 3
518 2553 993 2650 Xylandream
1026 2551 1460 2628 finceriorem
1489 2586 1514 2642 3
1565 2552 1906 2651 siquidem
1937 2567 2012 2626 et
2043 2581 2247 2630 emen·

226 2661 459 2740 damis
525 2666 813 2744 nomine
868 2669 1209 2766 appellare
1259 2667 1462 2744 liceat
1527 2693 1772 2744 omnes
1822 2667 2251 2744 mutationes

228 2775 449 2870 quibus
478 2781 823 2858 sententia
856 2799 929 2857 et
966 2781 1191 2858 oratio
1216 2782 1463 2860 melior
1487 2783 1858 2882 aptiorque
1880 2785 1994 2870 fit,
2029 2809 2250 2882 quam

228 2909 399 2971 antea
420 2897 583 2987 fuit,
634 2925 783 2974 non
830 2925 941 2974 eas
974 2899 1147 2974 solas
1180 2898 1444 2999 quibus
1485 2899 1626 2998 ipsa
1657 2925 1906 2974 manus
1933 2913 2008 2973 et
2039 2897 2250 2995 scrip-

228 3020 357 3085 tura
384 3015 711 3090 Austoris
744 3014 996 3090 idonea
1036 3013 1536 3112 probabilitate
1571 3029 1640 3089 et
1675 3011 2088 3088 auetoritate
2116 3007 2249 3088 res·
2385 3045 2394 3054 ·

227 3121 519 3206 timiturz
571 3147 645 3206 et
672 3133 987 3227 sincerum
1016 3132 1335 3208 dicamus
1368 3157 1516 3208 non
1547 3131 1774 3208 solum
1805 3131 1882 3207 id
1913 3133 2114 3231 quod
2151 3131 2252 3208 ita

230 3235 339 3314 suis
380 3245 691 3340 partibus
737 3246 1007 3324 constat
1054 3265 1137 3324 ut
1183 3249 1273 3323 ab
1320 3251 1634 3324 Anotore
1679 3247 2076 3347 profestum
2121 3249 2248 3336 est,

229 3349 321 3428 sed
348 3356 509 3436 illud
538 3362 757 3438 etiam
800 3362 875 3436 in
920 3390 1095 3464 qu0,
1146 3389 1584 3464 quamquam
1621 3382 1981 3464 corrupte,
2031 3364 2128 3440 nil
2159 3365 2253 3440 ab

228 3473 457 3552 editore
504 3494 875 3556 mutatum
922 3480 1046 3570 est,
1098 3507 1327 3580 quum
1376 3481 1632 3556 idonea
1673 3479 2128 3579 probabilitas
2177 3494 2253 3556 et

228 3589 563 3670 anfi-oritas
596 3594 1011 3672 mutationis
1054 3599 1247 3672 nulla
1290 3597 1610 3674 exstaret.
1715 3601 1964 3674 Habet
2011 3613 2254 3672 tamen

232 3695 590 3798 thndrea
646 3711 840 3787 haud
894 3737 1157 3810 paucos
1213 3714 1407 3788 locos
1457 3714 1888 3802 emendatos,
1939 3733 2252 3810 quorum
2379 3761 2388 3770 -

228 3833 398 3898 Vetus
430 3829 771 3902 mendum
798 3827 1091 3904 retinuit
1124 3827 1609 3928 Stephaniana.
2299 3831 2310 3840 ⁴

312 3933 591 4015 Biennio
637 3940 797 4040 post
843 3947 1207 4072 vulgatam
1271 3947 1452 4020 hanc
1518 3943 1950 4034 Editionem‚
2011 3944 2088 4019 id
2153 3943 2258 4019 est
2301 3975 2310 3982 ·

232 4065 387 4125 ²nno
428 4061 637 4156 1576,
670 4054 899 4132 aetatis
932 4057 1185 4157 quinto
1218 4075 1289 4134 et
1324 4062 1877 4159 quadragesimo,
1929 4073 2256 4136 mortuus

236 4155 317 4232 est
352 4165 569 4244 bonus
623 4171 1141 4263 ΧγιΑΝοειις
1216 4191 1301 4250 ut
1352 4173 1552 4252 facile
1593 4177 1674 4248 fit
1719 4175 1810 4252 ad
1851 4174 2252 4254 existiman·
