2842 4784
477 294 629 375 xxii
1043 290 1973 393 PRAEFArlo.

481 478 752 558 Indices
803 478 978 567 du0,
1003 479 1149 579 qui
1196 476 1467 553 exstant
1508 476 1583 551 in
1628 474 1961 551 Editione
2000 471 2549 567 Graeco-Latina

479 608 555 666 et
593 592 738 669 aliis
767 625 790 680 3
843 594 1016 669 alter
1049 620 1280 668 rerum
1313 607 1398 667 et·
1430 590 1799 667 hominum
1834 623 1860 679 5
1910 591 2084 663 alter
2118 592 2545 676 Auctorum,

483 707 676 807 isque
709 708 816 781 bis
850 708 1188 805 repetitus
1235 735 1276 781 a
1318 704 1643 781 Fabricio
1689 706 1763 781 in
1810 704 2243 779 Bibliotheca
2276 706 2549 789 Graeca,

485 826 706 899 altero
739 822 1029 921 quidem
1067 825 1225 899 loco
1261 847 1513 908 novuS,
1544 836 1628 895 ut
1664 820 1787 906 ait,
1837 833 1907 894 et
1956 818 2371 915 locupletior
2403 847 2419 891 :
2474 816 2551 891 hi

483 938 706 1049 igitur
755 936 854 1011 nil
899 955 1094 1014 erant
1140 938 1230 1011 ad
1272 963 1429 1011 eam
1474 960 1692 1035 quam
1732 960 1862 1035 ego
1906 934 2305 1033 spectabam
2338 932 2552 1025 ratio-

489 1080 656 1133 nem
691 1068 762 1127 et
799 1050 1076 1149 copiam
1110 1081 1126 1126 ε
1185 1056 1272 1127 fic
1307 1050 1669 1147 composui
1703 1075 1925 1138 meOS,
1976 1073 2056 1122 ac
2106 1052 2151 1122 fi
2186 1047 2287 1123 illi
2320 1048 2552 1123 omni-

493 1192 590 1243 no
625 1192 768 1241 non
801 1167 1070 1241 effent.'
1146 1166 1414 1241 Indices
1460 1165 1601 1240 mei
1650 1166 1856 1239 semel
1904 1164 2201 1239 confeEti
2238 1166 2555 1241 multum

495 1279 669 1361 mihi
701 1278 1116 1377 profuerunt
1145 1282 1235 1355 ad
1269 1280 1527 1357 laboris
1557 1278 2100 1377 compendium:
2138 1279 2281 1379 ipsa
2310 1305 2557 1359 eorum

495 1392 846 1473 confectio
901 1395 1239 1489 majorem
1285 1410 1557 1493 partem
1618 1395 1952 1491 temporis
2002 1420 2043 1469 a
2088 1422 2201 1471 me
2256 1394 2329 1469 in
2386 1398 2557 1469 Plu-

499 1511 749 1584 tarcho
805 1510 1126 1586 collocati
1178 1508 1535 1595 absumsit,
1590 1509 1890 1608 fuitque,
1944 1524 2306 1597 caeterum,
2362 1510 2565 1608 supra

497 1648 718 1721 quam
750 1622 888 1700 dici
923 1624 1179 1721 potest,
1227 1625 1429 1720 plena
1473 1624 1727 1697 laboris
1752 1650 1854 1697 ‘ac
1904 1625 2121 1714 taedii,
2172 1627 2369 1721 cujus
2402 1650 2559 1701 mo-

497 1736 691 1815 lestia
746 1735 964 1835 ipsam
1026 1737 1438 1813 suavitatem
1506 1735 1821 1815 lectionis
1880 1740 2222 1817 librorum
2283 1743 2563 1817 Plutar-

503 1854 840 1925 cheorum
894 1855 1264 1935 obrueret:
1320 1880 1480 1953 quae
1534 1853 1690 1928 sane
1734 1856 1942 1930 lectio
1994 1856 2185 1931 istius
2232 1884 2564 1933 aerumnae

503 1964 799 2041 unicum
851 1966 988 2041 fuit
1034 1966 1383 2045 solatium.
1490 1969 1693 2045 Utile
1745 1970 1922 2045 forte
1984 1975 2063 2050 fit
2122 1974 2212 2046 ad
2269 1972 2566 2053 aliorum

504 2082 1066 2163 admonitionem
1118 2083 1377 2180 quibus
1432 2083 1811 2184 aliquando
1866 2086 2056 2163 idem
2110 2087 2354 2167 saxum
2414 2089 2566 2169 vol-

504 2198 820 2271 vendum
873 2198 1002 2271 erit
1056 2197 1126 2275 in
1185 2197 1467 2271 edendis
1526 2224 1797 2299 magnae
1850 2200 2053 2275 molis
2110 2202 2569 2289 AuctoribuS,

382 2338 390 2346 ·
507 2308 623 2391 sed
655 2313 953 2411 longum
1000 2311 1099 2385 est
1139 2337 1266 2409 pro
1309 2310 1745 2409 praefatione,
1800 2314 2065 2403 referre,
2108 2331 2193 2389 ut
2238 2331 2568 2391 enotave„

507 2425 670 2513 rim,
715 2425 1222 2517 annotaverim,
1271 2427 1754 2525 excerpserim,
1803 2445 2131 2529 excerpta
2182 2431 2255 2505 in
2298 2432 2571 2513 Indices

509 2540 756 2616 referre
812 2540 1197 2624 studuerim
1255 2542 1646 2625 brevissima
1698 2544 1991 2637 ratione,
2038 2546 2351 2645 primum
2402 2573 2570 2621 con,

509 2656 770 2761 tinu03
823 2674 982 2741 tum
1019 2657 1486 2755 peculiaribus
1540 2658 1612 2739 in
1658 2658 1921 2737 schedis
1974 2662 2085 2741 vel
2128 2660 2369 2742 ordine
2416 2659 2570 2735 lite-

511 2768 746 2853 rarum
779 2774 890 2847 vel
941 2772 1338 2878 simpliciter
1373 2771 1695 2860 scribenS,
1748 2772 1998 2871 scripta
2038 2775 2567 2856 transscribens:

511 2905 598 2970 ut
651 2889 781 2972 viae
841 2886 1284 2989 longitudine
1353 2884 1797 2987 defatigatus,
1866 2889 2021 2985 ejus
2070 2888 2572 2986 compendium

514 3002 948 3101 quaefiverim
985 3028 1112 3078 nec
1148 3001 1530 3083 invenerim
1559 3033 1573 3077 ε
1614 3017 1697 3077 ut
1734 3002 1989 3077 iterum
2023 3003 2465 3090 tentaverim,
2500 3018 2575 3079 et

513 3117 874 3219 pererratis
909 3117 1153 3192 multis
1190 3117 1603 3215 ambagibus
1637 3118 1939 3216 denique
1964 3120 2053 3203 ad
2085 3118 2386 3215 primam
2416 3120 2583 3203 lon*

513 3232 923 3333 gioremque
959 3231 1145 3313 viam
1181 3231 1475 3328 recipere
1508 3258 1623 3313 me
1678 3236 1959 3307 coactus
1991 3232 2271 3311 fuerim.
2370 3238 2575 3333 Qo-

513 3350 646 3422 ties
681 3372 815 3451 ego
849 3365 1019 3425 tunc
1068 3346 1157 3425 de
1209 3308 1825 3423 VAchzmmmo
1861 3348 2211 3447 cogitavi!
2268 3374 2576 3447 eumque

515 3490 662 3544 non
699 3467 834 3545 fine
872 3460 1136 3545 ratione
1173 3460 1375 3559 egiffe
1407 3461 1743 3549 intellexi,
1792 3490 2018 3562 quum
2053 3463 2227 3547 mihi
2257 3462 2577 3551 suafiffet,

515 3606 664 3654 non
721 3574 1058 3661 universa,
1129 3575 1241 3658 sed
1309 3578 1575 3675 fingula
1634 3578 1989 3665 Plutarchi
2048 3577 2295 3677 scripta
2356 3580 2577 3664 edere,

517 3698 652 3769 Sed
709 3693 860 3789 jam
915 3690 987 3773 in
1039 3690 1344 3775 stadium
1398 3691 1695 3791 ingreffo
1748 3706 1819 3767 et
1872 3692 2175 3793 eousque
2230 3692 2581 3792 progresso

517 3824 723 3906 turpe
777 3806 948 3881 mihi
1005 3806 1354 3889 ducebam
1422 3809 1763 3894 recedere,
1829 3822 1899 3881 et
1964 3808 2283 3906 quemvis
2338 3808 2581 3905 potius

517 3922 829 4005 laborem
858 3922 1362 4004 exantlandum
1390 3920 1782 3996 statuebam
1816 3948 2032 4021 quam
2058 3920 2380 4000 editionis
2414 3946 2578 4018 pro-

519 4042 818 4145 positam
853 4036 1042 4133 spem
1077 4036 1505 4134 laudemque
1535 4036 2003 4112 deserendam.
2080 4036 2389 4123 Perrexi,
2425 4060 2578 4134 per-

518 4152 674 4235 feci.
778 4154 874 4232 Et
920 4151 1080 4229 sunt
1128 4150 1283 4233 sane
1331 4151 1406 4235 hi
1446 4150 1600 4255 jam
1644 4150 1914 4227 Indices
1956 4150 2077 4227 sua
2122 4151 2408 4227 materia
2456 4174 2585 4231 exa
