<?xml version="1.0" encoding="UTF-8"?>
<!DOCTYPE html PUBLIC "-//W3C//DTD XHTML 1.0 Transitional//EN"
    "http://www.w3.org/TR/xhtml1/DTD/xhtml1-transitional.dtd">
<html xmlns="http://www.w3.org/1999/xhtml" xml:lang="en" lang="en">
 <head>
  <title>
</title>
<meta http-equiv="Content-Type" content="text/html;charset=utf-8" />
  <meta name='ocr-system' content='tesseract 3.04.00' />
  <meta name='ocr-capabilities' content='ocr_page ocr_carea ocr_par ocr_line ocrx_word'/>
</head>
<body>
  <div class='ocr_page' id='page_1' title='image "./ploutarchoutouc06unkngoog_0108.png"; bbox 0 0 2842 4784; ppageno 0'>
   <div class='ocr_carea' id='block_1_1' title="bbox 553 278 2047 355">
    <p class='ocr_par' dir='ltr' id='par_1_1' title="bbox 553 278 2047 355">
     <span class='ocr_line' id='line_1_1' title="bbox 553 278 2047 355; baseline 0.001 -4"><span class='ocrx_word' id='word_1_1' title='bbox 553 278 670 351; x_wconf 79' lang='lat' dir='ltr'>cvi</span> <span class='ocrx_word' id='word_1_2' title='bbox 1123 278 2047 355; x_wconf 86' lang='lat' dir='ltr'><strong>PR-AEFATIO.</strong></span> 
     </span>
    </p>
   </div>
   <div class='ocr_carea' id='block_1_2' title="bbox 512 453 2635 4263">
    <p class='ocr_par' dir='ltr' id='par_1_2' title="bbox 512 453 2635 4263">
     <span class='ocr_line' id='line_1_2' title="bbox 548 453 2621 560; baseline 0.003 -25"><span class='ocrx_word' id='word_1_3' title='bbox 548 462 752 547; x_wconf 83' lang='lat' dir='ltr'>dum,</span> <span class='ocrx_word' id='word_1_4' title='bbox 817 476 1161 560; x_wconf 85' lang='lat' dir='ltr'>quantam</span> <span class='ocrx_word' id='word_1_5' title='bbox 1219 453 1366 555; x_wconf 85' lang='lat' dir='ltr'>ejus</span> <span class='ocrx_word' id='word_1_6' title='bbox 1428 464 1636 535; x_wconf 85' lang='lat' dir='ltr'>obitu</span> <span class='ocrx_word' id='word_1_7' title='bbox 1689 461 2039 557; x_wconf 69' lang='lat' dir='ltr'>jacturam</span> <span class='ocrx_word' id='word_1_8' title='bbox 2080 460 2378 539; x_wconf 72' lang='lat' dir='ltr'>fecerint</span> <span class='ocrx_word' id='word_1_9' title='bbox 2435 490 2621 543; x_wconf 79' lang='lat' dir='ltr'>cum</span> 
     </span>
     <span class='ocr_line' id='line_1_3' title="bbox 545 576 2623 678; baseline 0.002 -29"><span class='ocrx_word' id='word_1_10' title='bbox 545 576 880 653; x_wconf 79' lang='lat' dir='ltr'>universae</span> <span class='ocrx_word' id='word_1_11' title='bbox 925 580 1130 653; x_wconf 84' lang='lat' dir='ltr'>bonae</span> <span class='ocrx_word' id='word_1_12' title='bbox 1183 577 1467 664; x_wconf 83' lang='lat' dir='ltr'>Literae‚</span> <span class='ocrx_word' id='word_1_13' title='bbox 1518 592 1679 651; x_wconf 87' lang='lat' dir='ltr'>tum</span> <span class='ocrx_word' id='word_1_14' title='bbox 1726 604 1889 651; x_wconf 89' lang='lat' dir='ltr'>vero</span> <span class='ocrx_word' id='word_1_15' title='bbox 1937 578 2299 653; x_wconf 75' lang='lat' dir='ltr'>Plutarchi</span> <span class='ocrx_word' id='word_1_16' title='bbox 2332 578 2623 678; x_wconf 81' lang='lat' dir='ltr'>scripta,</span> 
     </span>
     <span class='ocr_line' id='line_1_4' title="bbox 543 672 2623 793; baseline 0.002 -30"><span class='ocrx_word' id='word_1_17' title='bbox 543 672 946 789; x_wconf 73' lang='lat' dir='ltr'>interceptis</span> <span class='ocrx_word' id='word_1_18' title='bbox 1002 690 1314 765; x_wconf 85' lang='lat' dir='ltr'>secundis</span> <span class='ocrx_word' id='word_1_19' title='bbox 1371 690 1552 767; x_wconf 86' lang='lat' dir='ltr'>curis</span> <span class='ocrx_word' id='word_1_20' title='bbox 1608 718 1781 791; x_wconf 86' lang='lat' dir='ltr'>quas</span> <span class='ocrx_word' id='word_1_21' title='bbox 1838 692 2030 765; x_wconf 89' lang='lat' dir='ltr'>haud</span> <span class='ocrx_word' id='word_1_22' title='bbox 2088 708 2346 767; x_wconf 86' lang='lat' dir='ltr'>temere</span> <span class='ocrx_word' id='word_1_23' title='bbox 2396 708 2623 793; x_wconf 79' lang='lat' dir='ltr'>putes</span> 
     </span>
     <span class='ocr_line' id='line_1_5' title="bbox 545 804 2619 910; baseline 0 -27"><span class='ocrx_word' id='word_1_24' title='bbox 545 804 1104 883; x_wconf 70' lang='lat' dir='ltr'>fructuofiffitnas</span> <span class='ocrx_word' id='word_1_25' title='bbox 1137 806 1435 893; x_wconf 85' lang='lat' dir='ltr'>futuras,</span> <span class='ocrx_word' id='word_1_26' title='bbox 1486 807 1773 910; x_wconf 82' lang='lat' dir='ltr'>quando</span> <span class='ocrx_word' id='word_1_27' title='bbox 1820 804 2077 903; x_wconf 86' lang='lat' dir='ltr'>priores</span> <span class='ocrx_word' id='word_1_28' title='bbox 2108 830 2295 881; x_wconf 82' lang='lat' dir='ltr'>curae</span> <span class='ocrx_word' id='word_1_29' title='bbox 2328 822 2619 883; x_wconf 79' lang='lat' dir='ltr'>tantam</span> 
     </span>
     <span class='ocr_line' id='line_1_6' title="bbox 543 922 2635 1021; baseline 0 -24"><span class='ocrx_word' id='word_1_30' title='bbox 543 925 944 999; x_wconf 88' lang='lat' dir='ltr'>ubertatem</span> <span class='ocrx_word' id='word_1_31' title='bbox 1001 923 1650 1019; x_wconf 82' lang='lat' dir='ltr'>abundantiamque</span> <span class='ocrx_word' id='word_1_32' title='bbox 1708 923 2119 997; x_wconf 83' lang='lat' dir='ltr'><strong>habuerant.</strong></span> <span class='ocrx_word' id='word_1_33' title='bbox 2222 926 2382 1021; x_wconf 87' lang='lat' dir='ltr'>Ego</span> <span class='ocrx_word' id='word_1_34' title='bbox 2441 922 2635 997; x_wconf 66' lang='lat' dir='ltr'>sane</span> 
     </span>
     <span class='ocr_line' id='line_1_7' title="bbox 544 1036 2622 1138; baseline 0 -25"><span class='ocrx_word' id='word_1_35' title='bbox 544 1042 591 1113; x_wconf 83' lang='lat' dir='ltr'>fi</span> <span class='ocrx_word' id='word_1_36' title='bbox 654 1038 1073 1138; x_wconf 88' lang='lat' dir='ltr'>quibusdam</span> <span class='ocrx_word' id='word_1_37' title='bbox 1133 1038 1206 1111; x_wconf 90' lang='lat' dir='ltr'>in</span> <span class='ocrx_word' id='word_1_38' title='bbox 1259 1038 1429 1112; x_wconf 90' lang='lat' dir='ltr'>locis</span> <span class='ocrx_word' id='word_1_39' title='bbox 1482 1039 1640 1134; x_wconf 90' lang='lat' dir='ltr'>plus</span> <span class='ocrx_word' id='word_1_40' title='bbox 1695 1036 1840 1109; x_wconf 89' lang='lat' dir='ltr'>vidi</span> <span class='ocrx_word' id='word_1_41' title='bbox 1909 1038 2403 1125; x_wconf 66' lang='lat' dir='ltr'>vamnno,</span> <span class='ocrx_word' id='word_1_42' title='bbox 2460 1041 2622 1113; x_wconf 87' lang='lat' dir='ltr'>hoc</span> 
     </span>
     <span class='ocr_line' id='line_1_8' title="bbox 543 1149 2623 1252; baseline 0.001 -25"><span class='ocrx_word' id='word_1_43' title='bbox 543 1178 872 1251; x_wconf 85' lang='lat' dir='ltr'>magnam</span> <span class='ocrx_word' id='word_1_44' title='bbox 903 1166 1172 1252; x_wconf 87' lang='lat' dir='ltr'>partem</span> <span class='ocrx_word' id='word_1_45' title='bbox 1204 1151 1327 1249; x_wconf 85' lang='lat' dir='ltr'>ipfi</span> <span class='ocrx_word' id='word_1_46' title='bbox 1359 1149 1577 1225; x_wconf 88' lang='lat' dir='ltr'>debui</span> <span class='ocrx_word' id='word_1_47' title='bbox 1610 1152 2103 1237; x_wconf 70' lang='lat' dir='ltr'>XYLAnmw,</span> <span class='ocrx_word' id='word_1_48' title='bbox 2136 1151 2263 1251; x_wconf 90' lang='lat' dir='ltr'>qui</span> <span class='ocrx_word' id='word_1_49' title='bbox 2288 1152 2473 1227; x_wconf 86' lang='lat' dir='ltr'>viam</span> <span class='ocrx_word' id='word_1_50' title='bbox 2506 1157 2623 1231; x_wconf 85' lang='lat' dir='ltr'>ad</span> 
     </span>
     <span class='ocr_line' id='line_1_9' title="bbox 542 1264 2611 1365; baseline 0.002 -26"><span class='ocrx_word' id='word_1_51' title='bbox 542 1266 899 1357; x_wconf 81' lang='lat' dir='ltr'><strong>Plutarchi</strong></span> <span class='ocrx_word' id='word_1_52' title='bbox 957 1266 1489 1364; x_wconf 79' lang='lat' dir='ltr'><strong>intelligentiam</strong></span> <span class='ocrx_word' id='word_1_53' title='bbox 1542 1264 1810 1361; x_wconf 78' lang='lat' dir='ltr'>primus</span> <span class='ocrx_word' id='word_1_54' title='bbox 1864 1264 2149 1363; x_wconf 87' lang='lat' dir='ltr'>posteris</span> <span class='ocrx_word' id='word_1_55' title='bbox 2212 1267 2541 1365; x_wconf 85' lang='lat' dir='ltr'>patefecit</span> <span class='ocrx_word' id='word_1_56' title='bbox 2586 1300 2611 1343; x_wconf 75' lang='grc' dir='ltr'><strong><em>ε</em></strong></span> 
     </span>
     <span class='ocr_line' id='line_1_10' title="bbox 539 1380 2621 1482; baseline 0.002 -27"><span class='ocrx_word' id='word_1_57' title='bbox 539 1382 754 1455; x_wconf 87' lang='lat' dir='ltr'>debui</span> <span class='ocrx_word' id='word_1_58' title='bbox 806 1380 1019 1457; x_wconf 85' lang='lat' dir='ltr'>etiam</span> <span class='ocrx_word' id='word_1_59' title='bbox 1075 1408 1308 1457; x_wconf 85' lang='lat' dir='ltr'>rerum</span> <span class='ocrx_word' id='word_1_60' title='bbox 1369 1408 1684 1457; x_wconf 86' lang='lat' dir='ltr'>mearum</span> <span class='ocrx_word' id='word_1_61' title='bbox 1734 1382 2150 1470; x_wconf 81' lang='lat' dir='ltr'>conditioni,</span> <span class='ocrx_word' id='word_1_62' title='bbox 2210 1408 2369 1482; x_wconf 85' lang='lat' dir='ltr'>quae</span> <span class='ocrx_word' id='word_1_63' title='bbox 2420 1384 2621 1459; x_wconf 81' lang='lat' dir='ltr'>mihi</span> 
     </span>
     <span class='ocr_line' id='line_1_11' title="bbox 539 1495 2623 1595; baseline 0.001 -21"><span class='ocrx_word' id='word_1_64' title='bbox 539 1522 686 1574; x_wconf 87' lang='lat' dir='ltr'>non</span> <span class='ocrx_word' id='word_1_65' title='bbox 733 1499 1052 1584; x_wconf 88' lang='lat' dir='ltr'>eandem,</span> <span class='ocrx_word' id='word_1_66' title='bbox 1111 1523 1256 1595; x_wconf 88' lang='lat' dir='ltr'>qua</span> <span class='ocrx_word' id='word_1_67' title='bbox 1294 1497 1404 1570; x_wconf 90' lang='lat' dir='ltr'>ille</span> <span class='ocrx_word' id='word_1_68' title='bbox 1450 1500 1845 1585; x_wconf 83' lang='lat' dir='ltr'>tenebatur,</span> <span class='ocrx_word' id='word_1_69' title='bbox 1900 1495 2265 1571; x_wconf 87' lang='lat' dir='ltr'>festinandi</span> <span class='ocrx_word' id='word_1_70' title='bbox 2318 1498 2623 1577; x_wconf 59' lang='lat' dir='ltr'>neceffi2</span> 
     </span>
     <span class='ocr_line' id='line_1_12' title="bbox 539 1612 2619 1711; baseline 0.001 -26"><span class='ocrx_word' id='word_1_71' title='bbox 539 1626 764 1686; x_wconf 87' lang='lat' dir='ltr'>tatem</span> <span class='ocrx_word' id='word_1_72' title='bbox 818 1612 1176 1711; x_wconf 84' lang='lat' dir='ltr'>imposuit.</span> <span class='ocrx_word' id='word_1_73' title='bbox 1279 1614 1746 1688; x_wconf 73' lang='lat' dir='ltr'>XYLANDER</span> <span class='ocrx_word' id='word_1_74' title='bbox 1808 1618 1853 1688; x_wconf 85' lang='lat' dir='ltr'><strong>fi</strong></span> <span class='ocrx_word' id='word_1_75' title='bbox 1914 1614 1989 1688; x_wconf 87' lang='lat' dir='ltr'>in</span> <span class='ocrx_word' id='word_1_76' title='bbox 2046 1616 2291 1690; x_wconf 87' lang='lat' dir='ltr'>eadem</span> <span class='ocrx_word' id='word_1_77' title='bbox 2348 1614 2619 1693; x_wconf 46' lang='lat' dir='ltr'>condiq</span> 
     </span>
     <span class='ocr_line' id='line_1_13' title="bbox 539 1725 2623 1827; baseline 0.003 -27"><span class='ocrx_word' id='word_1_78' title='bbox 539 1725 730 1800; x_wconf 88' lang='lat' dir='ltr'>tione</span> <span class='ocrx_word' id='word_1_79' title='bbox 765 1726 1018 1815; x_wconf 85' lang='lat' dir='ltr'>fuiffet,</span> <span class='ocrx_word' id='word_1_80' title='bbox 1055 1741 1338 1802; x_wconf 87' lang='lat' dir='ltr'>tantum</span> <span class='ocrx_word' id='word_1_81' title='bbox 1384 1727 1707 1803; x_wconf 86' lang='lat' dir='ltr'>effeciffet</span> <span class='ocrx_word' id='word_1_82' title='bbox 1742 1754 1849 1815; x_wconf 86' lang='lat' dir='ltr'>ea,</span> <span class='ocrx_word' id='word_1_83' title='bbox 1900 1755 2043 1827; x_wconf 89' lang='lat' dir='ltr'>qua</span> <span class='ocrx_word' id='word_1_84' title='bbox 2072 1732 2374 1818; x_wconf 84' lang='lat' dir='ltr'>valebat,</span> <span class='ocrx_word' id='word_1_85' title='bbox 2422 1732 2623 1807; x_wconf 87' lang='lat' dir='ltr'>doc-</span> 
     </span>
     <span class='ocr_line' id='line_1_14' title="bbox 512 1840 2621 1941; baseline 0.004 -27"><span class='ocrx_word' id='word_1_86' title='bbox 512 1840 743 1928; x_wconf 75' lang='lat' dir='ltr'>·trina‚</span> <span class='ocrx_word' id='word_1_87' title='bbox 795 1857 904 1929; x_wconf 86' lang='lat' dir='ltr'>ut,</span> <span class='ocrx_word' id='word_1_88' title='bbox 955 1842 1132 1919; x_wconf 85' lang='lat' dir='ltr'>mihi</span> <span class='ocrx_word' id='word_1_89' title='bbox 1175 1841 1469 1941; x_wconf 86' lang='lat' dir='ltr'>quidem</span> <span class='ocrx_word' id='word_1_90' title='bbox 1502 1844 1701 1941; x_wconf 85' lang='lat' dir='ltr'>quod</span> <span class='ocrx_word' id='word_1_91' title='bbox 1744 1846 1875 1917; x_wconf 85' lang='lat' dir='ltr'>hac</span> <span class='ocrx_word' id='word_1_92' title='bbox 1916 1870 2073 1917; x_wconf 89' lang='lat' dir='ltr'>mea</span> <span class='ocrx_word' id='word_1_93' title='bbox 2106 1845 2621 1923; x_wconf 87' lang='lat' dir='ltr'>mediocritate</span> 
     </span>
     <span class='ocr_line' id='line_1_15' title="bbox 534 1956 2613 2057; baseline 0.003 -26"><span class='ocrx_word' id='word_1_94' title='bbox 534 1956 612 2031; x_wconf 91' lang='lat' dir='ltr'>in</span> <span class='ocrx_word' id='word_1_95' title='bbox 665 1960 1048 2034; x_wconf 70' lang='lat' dir='ltr'>Plutarcho</span> <span class='ocrx_word' id='word_1_96' title='bbox 1101 1982 1379 2057; x_wconf 84' lang='lat' dir='ltr'>agerem</span> <span class='ocrx_word' id='word_1_97' title='bbox 1434 1956 1531 2031; x_wconf 86' lang='lat' dir='ltr'>nil</span> <span class='ocrx_word' id='word_1_98' title='bbox 1585 1956 1946 2031; x_wconf 70' lang='lat' dir='ltr'>relicturus</span> <span class='ocrx_word' id='word_1_99' title='bbox 2002 1958 2201 2033; x_wconf 74' lang='lat' dir='ltr'>fuifl‘e</span> <span class='ocrx_word' id='word_1_100' title='bbox 2248 1960 2613 2037; x_wconf 76' lang='lat' dir='ltr'>videatur.</span> 
     </span>
     <span class='ocr_line' id='line_1_16' title="bbox 537 2072 2613 2179; baseline 0.004 -32"><span class='ocrx_word' id='word_1_101' title='bbox 537 2076 920 2161; x_wconf 86' lang='lat' dir='ltr'>Caeterum,</span> <span class='ocrx_word' id='word_1_102' title='bbox 977 2074 1142 2147; x_wconf 88' lang='lat' dir='ltr'>alios</span> <span class='ocrx_word' id='word_1_103' title='bbox 1195 2072 1551 2147; x_wconf 85' lang='lat' dir='ltr'>Plutarchi</span> <span class='ocrx_word' id='word_1_104' title='bbox 1600 2074 1896 2149; x_wconf 84' lang='lat' dir='ltr'>editores</span> <span class='ocrx_word' id='word_1_105' title='bbox 1940 2092 2011 2149; x_wconf 87' lang='lat' dir='ltr'>et</span> <span class='ocrx_word' id='word_1_106' title='bbox 2045 2076 2447 2179; x_wconf 78' lang='lat' dir='ltr'>interpretes</span> <span class='ocrx_word' id='word_1_107' title='bbox 2480 2080 2613 2155; x_wconf 74' lang='lat' dir='ltr'>di-</span> 
     </span>
     <span class='ocr_line' id='line_1_17' title="bbox 533 2184 2619 2285; baseline 0.007 -28"><span class='ocrx_word' id='word_1_108' title='bbox 533 2184 704 2283; x_wconf 86' lang='lat' dir='ltr'>ligo,</span> <span class='ocrx_word' id='word_1_109' title='bbox 755 2202 1039 2285; x_wconf 82' lang='lat' dir='ltr'>propter</span> <span class='ocrx_word' id='word_1_110' title='bbox 1085 2186 1292 2261; x_wconf 84' lang='lat' dir='ltr'>studii</span> <span class='ocrx_word' id='word_1_111' title='bbox 1346 2187 1972 2273; x_wconf 85' lang='lat' dir='ltr'>communionem:</span> <span class='ocrx_word' id='word_1_112' title='bbox 2050 2192 2619 2271; x_wconf 67' lang='lat' dir='ltr'><strong>XYL&#39;ANDRUM</strong></span> 
     </span>
     <span class='ocr_line' id='line_1_18' title="bbox 535 2298 2617 2406; baseline 0.006 -35"><span class='ocrx_word' id='word_1_113' title='bbox 535 2298 750 2373; x_wconf 88' lang='lat' dir='ltr'>etiam</span> <span class='ocrx_word' id='word_1_114' title='bbox 797 2326 986 2389; x_wconf 85' lang='lat' dir='ltr'>amo,</span> <span class='ocrx_word' id='word_1_115' title='bbox 1033 2316 1319 2401; x_wconf 79' lang='lat' dir='ltr'>propter</span> <span class='ocrx_word' id='word_1_116' title='bbox 1366 2301 1583 2377; x_wconf 83' lang='lat' dir='ltr'>animi</span> <span class='ocrx_word' id='word_1_117' title='bbox 1638 2302 1784 2400; x_wconf 87' lang='lat' dir='ltr'>ejus</span> <span class='ocrx_word' id='word_1_118' title='bbox 1830 2306 2231 2395; x_wconf 87' lang='lat' dir='ltr'>candorem,</span> <span class='ocrx_word' id='word_1_119' title='bbox 2280 2310 2617 2406; x_wconf 83' lang='lat' dir='ltr'>probita-</span> 
     </span>
     <span class='ocr_line' id='line_1_19' title="bbox 535 2419 2613 2519; baseline 0.005 -28"><span class='ocrx_word' id='word_1_120' title='bbox 535 2433 708 2506; x_wconf 85' lang='lat' dir='ltr'>tem,</span> <span class='ocrx_word' id='word_1_121' title='bbox 769 2419 1224 2507; x_wconf 88' lang='lat' dir='ltr'>honestatem,</span> <span class='ocrx_word' id='word_1_122' title='bbox 1295 2446 1599 2519; x_wconf 85' lang='lat' dir='ltr'>quarum</span> <span class='ocrx_word' id='word_1_123' title='bbox 1650 2421 2001 2497; x_wconf 85' lang='lat' dir='ltr'>virtutum</span> <span class='ocrx_word' id='word_1_124' title='bbox 2060 2422 2417 2518; x_wconf 80' lang='lat' dir='ltr'>manifesta</span> <span class='ocrx_word' id='word_1_125' title='bbox 2466 2454 2613 2501; x_wconf 79' lang='lat' dir='ltr'>ex-</span> 
     </span>
     <span class='ocr_line' id='line_1_20' title="bbox 535 2534 2617 2639; baseline 0.004 -30"><span class='ocrx_word' id='word_1_126' title='bbox 535 2534 716 2609; x_wconf 76' lang='lat' dir='ltr'>stant</span> <span class='ocrx_word' id='word_1_127' title='bbox 753 2535 1033 2623; x_wconf 84' lang='lat' dir='ltr'>indicia,</span> <span class='ocrx_word' id='word_1_128' title='bbox 1083 2564 1249 2613; x_wconf 88' lang='lat' dir='ltr'>cum</span> <span class='ocrx_word' id='word_1_129' title='bbox 1295 2537 1370 2610; x_wconf 89' lang='lat' dir='ltr'>in</span> <span class='ocrx_word' id='word_1_130' title='bbox 1415 2538 1677 2635; x_wconf 82' lang='lat' dir='ltr'>scriptis</span> <span class='ocrx_word' id='word_1_131' title='bbox 1724 2538 1878 2626; x_wconf 88' lang='lat' dir='ltr'>viri,</span> <span class='ocrx_word' id='word_1_132' title='bbox 1929 2552 2090 2613; x_wconf 83' lang='lat' dir='ltr'>tum</span> <span class='ocrx_word' id='word_1_133' title='bbox 2138 2541 2213 2614; x_wconf 89' lang='lat' dir='ltr'>in</span> <span class='ocrx_word' id='word_1_134' title='bbox 2262 2556 2413 2617; x_wconf 89' lang='lat' dir='ltr'>tota</span> <span class='ocrx_word' id='word_1_135' title='bbox 2444 2542 2617 2639; x_wconf 83' lang='lat' dir='ltr'>ejus</span> 
     </span>
     <span class='ocr_line' id='line_1_21' title="bbox 533 2651 2607 2757; baseline 0.004 -32"><span class='ocrx_word' id='word_1_136' title='bbox 533 2651 700 2727; x_wconf 85' lang='lat' dir='ltr'>vita.</span> <span class='ocrx_word' id='word_1_137' title='bbox 803 2655 1100 2731; x_wconf 87' lang='lat' dir='ltr'>Accedit</span> <span class='ocrx_word' id='word_1_138' title='bbox 1155 2656 1690 2745; x_wconf 82' lang='lat' dir='ltr'>commiseratio,</span> <span class='ocrx_word' id='word_1_139' title='bbox 1750 2682 1915 2756; x_wconf 66' lang='lat' dir='ltr'>quae.</span> <span class='ocrx_word' id='word_1_140' title='bbox 1968 2658 2169 2757; x_wconf 81' lang='lat' dir='ltr'>saepe,</span> <span class='ocrx_word' id='word_1_141' title='bbox 2222 2673 2307 2733; x_wconf 89' lang='lat' dir='ltr'>ut</span> <span class='ocrx_word' id='word_1_142' title='bbox 2358 2660 2607 2747; x_wconf 87' lang='lat' dir='ltr'>aiunt,</span> 
     </span>
     <span class='ocr_line' id='line_1_22' title="bbox 531 2773 2605 2865; baseline 0.002 -20"><span class='ocrx_word' id='word_1_143' title='bbox 531 2773 968 2849; x_wconf 82' lang='lat' dir='ltr'>conciliatrix</span> <span class='ocrx_word' id='word_1_144' title='bbox 1017 2774 1117 2849; x_wconf 81' lang='lat' dir='ltr'>est</span> <span class='ocrx_word' id='word_1_145' title='bbox 1166 2773 1441 2864; x_wconf 82' lang='lat' dir='ltr'>amoris.</span> <span class='ocrx_word' id='word_1_146' title='bbox 1546 2776 1779 2849; x_wconf 83' lang='lat' dir='ltr'>Doleo</span> <span class='ocrx_word' id='word_1_147' title='bbox 1807 2775 2041 2848; x_wconf 85' lang='lat' dir='ltr'>virum</span> <span class='ocrx_word' id='word_1_148' title='bbox 2084 2789 2230 2849; x_wconf 90' lang='lat' dir='ltr'>tam</span> <span class='ocrx_word' id='word_1_149' title='bbox 2262 2776 2605 2865; x_wconf 60' lang='lat' dir='ltr'>donum,</span> 
     </span>
     <span class='ocr_line' id='line_1_23' title="bbox 533 2887 2611 2989; baseline 0.002 -28"><span class='ocrx_word' id='word_1_150' title='bbox 533 2902 682 2963; x_wconf 90' lang='lat' dir='ltr'>tam</span> <span class='ocrx_word' id='word_1_151' title='bbox 716 2892 1016 2979; x_wconf 89' lang='lat' dir='ltr'>bonum,</span> <span class='ocrx_word' id='word_1_152' title='bbox 1063 2890 1142 2965; x_wconf 87' lang='lat' dir='ltr'>in</span> <span class='ocrx_word' id='word_1_153' title='bbox 1187 2903 1384 2965; x_wconf 87' lang='lat' dir='ltr'>tanta</span> <span class='ocrx_word' id='word_1_154' title='bbox 1432 2891 1701 2989; x_wconf 81' lang='lat' dir='ltr'>semper·</span> <span class='ocrx_word' id='word_1_155' title='bbox 1724 2889 1921 2965; x_wconf 85' lang='lat' dir='ltr'>fuiffe</span> <span class='ocrx_word' id='word_1_156' title='bbox 1956 2888 2051 2964; x_wconf 87' lang='lat' dir='ltr'>rei</span> <span class='ocrx_word' id='word_1_157' title='bbox 2086 2887 2432 2965; x_wconf 84' lang='lat' dir='ltr'>familiaris</span> <span class='ocrx_word' id='word_1_158' title='bbox 2460 2915 2611 2965; x_wconf 80' lang='lat' dir='ltr'>an·</span> 
     </span>
     <span class='ocr_line' id='line_1_24' title="bbox 525 3001 2602 3103; baseline 0.002 -26"><span class='ocrx_word' id='word_1_159' title='bbox 525 3004 777 3101; x_wconf 88' lang='lat' dir='ltr'>gustia‚</span> <span class='ocrx_word' id='word_1_160' title='bbox 825 3021 912 3080; x_wconf 85' lang='lat' dir='ltr'>ut</span> <span class='ocrx_word' id='word_1_161' title='bbox 962 3032 1050 3079; x_wconf 87' lang='lat' dir='ltr'>ne</span> <span class='ocrx_word' id='word_1_162' title='bbox 1097 3004 1236 3102; x_wconf 87' lang='lat' dir='ltr'>ipse</span> <span class='ocrx_word' id='word_1_163' title='bbox 1283 3004 1577 3103; x_wconf 89' lang='lat' dir='ltr'>quidem</span> <span class='ocrx_word' id='word_1_164' title='bbox 1624 3004 1881 3100; x_wconf 90' lang='lat' dir='ltr'>scripto</span> <span class='ocrx_word' id='word_1_165' title='bbox 1932 3029 2089 3079; x_wconf 86' lang='lat' dir='ltr'>eam</span> <span class='ocrx_word' id='word_1_166' title='bbox 2134 3006 2224 3077; x_wconf 93' lang='lat' dir='ltr'>ad</span> <span class='ocrx_word' id='word_1_167' title='bbox 2256 3001 2602 3082; x_wconf 84' lang='lat' dir='ltr'>omnium</span> 
     </span>
     <span class='ocr_line' id='line_1_25' title="bbox 529 3106 2609 3215; baseline 0.003 -25"><span class='ocrx_word' id='word_1_168' title='bbox 529 3118 856 3193; x_wconf 86' lang='lat' dir='ltr'>notitiam</span> <span class='ocrx_word' id='word_1_169' title='bbox 915 3122 1202 3215; x_wconf 85' lang='lat' dir='ltr'>prodere</span> <span class='ocrx_word' id='word_1_170' title='bbox 1255 3106 1633 3193; x_wconf 78' lang='lat' dir='ltr'>dubi‘taret.</span> <span class='ocrx_word' id='word_1_171' title='bbox 1738 3119 1981 3193; x_wconf 86' lang='lat' dir='ltr'>Veluti</span> <span class='ocrx_word' id='word_1_172' title='bbox 2034 3118 2105 3193; x_wconf 91' lang='lat' dir='ltr'>in</span> <span class='ocrx_word' id='word_1_173' title='bbox 2165 3118 2609 3196; x_wconf 82' lang='lat' dir='ltr'>dedicatoria</span> 
     </span>
     <span class='ocr_line' id='line_1_26' title="bbox 525 3231 2599 3328; baseline 0.003 -25"><span class='ocrx_word' id='word_1_174' title='bbox 525 3232 956 3328; x_wconf 76' lang='lat' dir='ltr'>epistolaad</span> <span class='ocrx_word' id='word_1_175' title='bbox 1013 3236 1527 3309; x_wconf 73' lang='lat' dir='ltr'>Lunovoetm</span> <span class='ocrx_word' id='word_1_176' title='bbox 1588 3232 1944 3307; x_wconf 87' lang='lat' dir='ltr'>Comitem</span> <span class='ocrx_word' id='word_1_177' title='bbox 2004 3231 2427 3320; x_wconf 88' lang='lat' dir='ltr'>Palatinum,</span> <span class='ocrx_word' id='word_1_178' title='bbox 2494 3250 2599 3310; x_wconf 83' lang='lat' dir='ltr'>ut</span> 
     </span>
     <span class='ocr_line' id='line_1_27' title="bbox 525 3346 2601 3445; baseline 0.001 -26"><span class='ocrx_word' id='word_1_179' title='bbox 525 3347 672 3441; x_wconf 82' lang='lat' dir='ltr'>ejus</span> <span class='ocrx_word' id='word_1_180' title='bbox 701 3347 1044 3423; x_wconf 79' lang='lat' dir='ltr'>auxilium</span> <span class='ocrx_word' id='word_1_181' title='bbox 1093 3348 1442 3445; x_wconf 83' lang='lat' dir='ltr'>implorat,</span> <span class='ocrx_word' id='word_1_182' title='bbox 1494 3361 1587 3421; x_wconf 82' lang='lat' dir='ltr'>ut</span> <span class='ocrx_word' id='word_1_183' title='bbox 1628 3349 1775 3443; x_wconf 87' lang='lat' dir='ltr'>ejus</span> <span class='ocrx_word' id='word_1_184' title='bbox 1816 3346 2299 3423; x_wconf 87' lang='lat' dir='ltr'>liberalitatem</span> <span class='ocrx_word' id='word_1_185' title='bbox 2349 3347 2601 3421; x_wconf 86' lang='lat' dir='ltr'>omni-</span> 
     </span>
     <span class='ocr_line' id='line_1_28' title="bbox 523 3462 2599 3563; baseline 0 -27"><span class='ocrx_word' id='word_1_186' title='bbox 523 3464 658 3536; x_wconf 87' lang='lat' dir='ltr'>bus</span> <span class='ocrx_word' id='word_1_187' title='bbox 706 3462 1027 3561; x_wconf 87' lang='lat' dir='ltr'>precibus</span> <span class='ocrx_word' id='word_1_188' title='bbox 1075 3462 1452 3561; x_wconf 78' lang='lat' dir='ltr'>efflagitat:</span> <span class='ocrx_word' id='word_1_189' title='bbox 1506 3463 1703 3563; x_wconf 81' lang='lat' dir='ltr'>atqui</span> <span class='ocrx_word' id='word_1_190' title='bbox 1757 3476 1932 3537; x_wconf 87' lang='lat' dir='ltr'>tunc</span> <span class='ocrx_word' id='word_1_191' title='bbox 1975 3486 2101 3559; x_wconf 82' lang='lat' dir='ltr'>per</span> <span class='ocrx_word' id='word_1_192' title='bbox 2150 3464 2599 3561; x_wconf 81' lang='lat' dir='ltr'>quatuorde-</span> 
     </span>
     <span class='ocr_line' id='line_1_29' title="bbox 522 3577 2593 3679; baseline 0.002 -29"><span class='ocrx_word' id='word_1_193' title='bbox 522 3577 662 3654; x_wconf 88' lang='lat' dir='ltr'>cim</span> <span class='ocrx_word' id='word_1_194' title='bbox 711 3604 926 3653; x_wconf 87' lang='lat' dir='ltr'>annos</span> <span class='ocrx_word' id='word_1_195' title='bbox 975 3579 1366 3655; x_wconf 66' lang='lat' dir='ltr'>Profeffonis</span> <span class='ocrx_word' id='word_1_196' title='bbox 1413 3606 1674 3654; x_wconf 87' lang='lat' dir='ltr'>munus</span> <span class='ocrx_word' id='word_1_197' title='bbox 1720 3580 2215 3679; x_wconf 82' lang='lat' dir='ltr'>Heidelbergae</span> <span class='ocrx_word' id='word_1_198' title='bbox 2264 3580 2593 3678; x_wconf 85' lang='lat' dir='ltr'>gefferat.</span> 
     </span>
     <span class='ocr_line' id='line_1_30' title="bbox 521 3692 2597 3792; baseline 0 -26"><span class='ocrx_word' id='word_1_199' title='bbox 521 3695 704 3792; x_wconf 82' lang='lat' dir='ltr'>Qae</span> <span class='ocrx_word' id='word_1_200' title='bbox 737 3694 1132 3787; x_wconf 75' lang='lat' dir='ltr'>liberalitaS,</span> <span class='ocrx_word' id='word_1_201' title='bbox 1165 3696 1300 3769; x_wconf 84' lang='lat' dir='ltr'>five</span> <span class='ocrx_word' id='word_1_202' title='bbox 1331 3693 1471 3771; x_wconf 85' lang='lat' dir='ltr'>fuit</span> <span class='ocrx_word' id='word_1_203' title='bbox 1504 3697 1669 3782; x_wconf 89' lang='lat' dir='ltr'>ulla,</span> <span class='ocrx_word' id='word_1_204' title='bbox 1720 3699 1855 3769; x_wconf 86' lang='lat' dir='ltr'>five</span> <span class='ocrx_word' id='word_1_205' title='bbox 1891 3693 2033 3769; x_wconf 81' lang='lat' dir='ltr'>sera</span> <span class='ocrx_word' id='word_1_206' title='bbox 2064 3692 2228 3781; x_wconf 84' lang='lat' dir='ltr'>fuit,</span> <span class='ocrx_word' id='word_1_207' title='bbox 2280 3718 2425 3769; x_wconf 88' lang='lat' dir='ltr'>non</span> <span class='ocrx_word' id='word_1_208' title='bbox 2456 3720 2597 3768; x_wconf 84' lang='lat' dir='ltr'>va·-</span> 
     </span>
     <span class='ocr_line' id='line_1_31' title="bbox 521 3808 2596 3908; baseline 0.001 -28"><span class='ocrx_word' id='word_1_209' title='bbox 521 3808 654 3881; x_wconf 85' lang='lat' dir='ltr'>luit</span> <span class='ocrx_word' id='word_1_210' title='bbox 681 3810 772 3883; x_wconf 89' lang='lat' dir='ltr'>ad</span> <span class='ocrx_word' id='word_1_211' title='bbox 805 3810 1256 3883; x_wconf 85' lang='lat' dir='ltr'>recreandum</span> <span class='ocrx_word' id='word_1_212' title='bbox 1303 3810 1669 3887; x_wconf 88' lang='lat' dir='ltr'>hominem</span> <span class='ocrx_word' id='word_1_213' title='bbox 1714 3810 2105 3898; x_wconf 71' lang='lat' dir='ltr'>afflictum3</span> <span class='ocrx_word' id='word_1_214' title='bbox 2156 3825 2241 3885; x_wconf 90' lang='lat' dir='ltr'>ut</span> <span class='ocrx_word' id='word_1_215' title='bbox 2274 3809 2414 3907; x_wconf 89' lang='lat' dir='ltr'>ipse</span> <span class='ocrx_word' id='word_1_216' title='bbox 2446 3813 2596 3908; x_wconf 79' lang='lat' dir='ltr'>fig-</span> 
     </span>
     <span class='ocr_line' id='line_1_32' title="bbox 517 3925 2589 4026; baseline 0.003 -29"><span class='ocrx_word' id='word_1_217' title='bbox 517 3925 798 4001; x_wconf 80' lang='lat' dir='ltr'>nificane</span> <span class='ocrx_word' id='word_1_218' title='bbox 849 3926 1127 4003; x_wconf 76' lang='lat' dir='ltr'>videtur</span> <span class='ocrx_word' id='word_1_219' title='bbox 1185 3928 1260 4001; x_wconf 89' lang='lat' dir='ltr'>in</span> <span class='ocrx_word' id='word_1_220' title='bbox 1315 3928 1626 4026; x_wconf 84' lang='lat' dir='ltr'>Epistola</span> <span class='ocrx_word' id='word_1_221' title='bbox 1690 3932 1782 4004; x_wconf 92' lang='lat' dir='ltr'>ad</span> <span class='ocrx_word' id='word_1_222' title='bbox 1844 3929 2247 4004; x_wconf 82' lang='lat' dir='ltr'>Bafileenses</span> <span class='ocrx_word' id='word_1_223' title='bbox 2290 3957 2307 4001; x_wconf 91' lang='lat'>:</span> <span class='ocrx_word' id='word_1_224' title='bbox 2383 3944 2589 4003; x_wconf 83' lang='lat' dir='ltr'>certe</span> 
     </span>
     <span class='ocr_line' id='line_1_33' title="bbox 516 4034 2591 4137; baseline 0.005 -28"><span class='ocrx_word' id='word_1_225' title='bbox 516 4034 773 4126; x_wconf 63' lang='lat' dir='ltr'>fractis,</span> <span class='ocrx_word' id='word_1_226' title='bbox 821 4066 946 4137; x_wconf 91' lang='lat' dir='ltr'>per</span> <span class='ocrx_word' id='word_1_227' title='bbox 994 4040 1360 4115; x_wconf 85' lang='lat' dir='ltr'>continuas</span> <span class='ocrx_word' id='word_1_228' title='bbox 1394 4068 1737 4117; x_wconf 70' lang='lat' dir='ltr'>aerumnas</span> <span class='ocrx_word' id='word_1_229' title='bbox 1782 4058 1854 4116; x_wconf 92' lang='lat' dir='ltr'>et</span> <span class='ocrx_word' id='word_1_230' title='bbox 1902 4042 2147 4117; x_wconf 89' lang='lat' dir='ltr'>nimias</span> <span class='ocrx_word' id='word_1_231' title='bbox 2179 4041 2591 4119; x_wconf 82' lang='lat' dir='ltr'>studiorum</span> 
     </span>
     <span class='ocr_line' id='line_1_34' title="bbox 519 4152 2595 4263; baseline 0.003 -36"><span class='ocrx_word' id='word_1_232' title='bbox 519 4152 1058 4245; x_wconf 75' lang='lat' dir='ltr'>lucubrationes,</span> <span class='ocrx_word' id='word_1_233' title='bbox 1109 4156 1416 4257; x_wconf 87' lang='lat' dir='ltr'>corporis</span> <span class='ocrx_word' id='word_1_234' title='bbox 1450 4158 1740 4248; x_wconf 83' lang='lat' dir='ltr'>viribus,</span> <span class='ocrx_word' id='word_1_235' title='bbox 1794 4158 2073 4249; x_wconf 84' lang='lat' dir='ltr'>biennio</span> <span class='ocrx_word' id='word_1_236' title='bbox 2115 4160 2353 4263; x_wconf 88' lang='lat' dir='ltr'>postea</span> <span class='ocrx_word' id='word_1_237' title='bbox 2384 4159 2595 4251; x_wconf 72' lang='lat' dir='ltr'>diem</span> 
     </span>
    </p>
   </div>
  </div>
 </body>
</html>
