2842 4784
801 290 1728 391 PRAEFAtro
2229 316 2299 391 u

225 524 366 581 nm
393 502 796 579 sanandam
829 514 904 573 et
938 492 1501 573 constituendam
1524 496 1838 585 refertur,
1874 496 1945 571 in
1966 512 2109 597 qua
2142 524 2309 598 pro·

231 620 460 719 {mum
491 644 580 693 ac
615 614 1076 715 precipuum
1109 611 1386 687 editoris
1419 612 1735 687 officium
1764 612 2095 701 versetur,
2142 640 2307 711 quae

233 736 338 807 vel
373 730 524 833 ipsa
575 756 710 830 per
751 728 822 803 se
857 728 1000 803 sola
1037 724 1240 824 justae
1286 726 1497 800 instar
1538 727 1887 804 Editionis
1918 728 2301 804 censeatur.

233 852 398 951 Qa
431 848 510 921 in
547 870 654 933 re,
703 861 792 919 ut
825 866 1038 943 parva
1073 844 1340 942 magnis
1373 842 1755 929 conferam,
1806 841 1959 917 cavi
1994 870 2081 916 ne
2116 842 2305 917 idem

237 961 802 1047 committerem,
847 961 1046 1059 quod
1085 958 1158 1031 in
1205 960 1505 1055 Polybio
1538 958 1951 1032 commififl'e
1984 960 2305 1033 dolemus

239 1076 866 1151 Cununoumu:
921 1072 1050 1171 qui
1095 1070 1332 1171 magni
1381 1096 1451 1145 et
1498 1072 1751 1172 egregii
1796 1072 2303 1147 Commentarii

243 1192 609 1269 molitione
653 1208 1051 1291 occupatus
1090 1189 1655 1264 emendationem
1712 1186 1943 1264 Graeci
1994 1188 2302 1285 exempli

241 1307 360 1382 vix
405 1306 683 1406 attigit,
741 1306 1064 1405 quamvis
1109 1304 1308 1379 facile
1353 1304 1871 1391 absolvendam,
1924 1306 1971 1377 fi
2006 1330 2049 1377 a
2080 1301 2301 1377 Com·

241 1420 588 1495 mentatio
615 1446 778 1495 eam
805 1418 1244 1516 disjunxisset
1275 1436 1346 1493 et
1379 1418 1855 1517 anticipass'et:
1902 1442 2093 1493 nunc
2122 1419 2299 1493 utri-

241 1562 378 1636 que
413 1540 622 1613 fimul
653 1535 1022 1611 interitum
1053 1535 1238 1635 parti
1264 1560 1476 1623 mors,
1512 1560 1680 1611 cum
1707 1536 1985 1634 reliquae
2012 1533 2301 1609 interitu

243 1678 470 1753 eperae
501 1654 912 1751 conjuncta,
949 1652 1346 1751 occupavit.

339 1769 564 1869 Igitur
607 1769 702 1843 de
753 1769 1006 1856 tribur»,
1057 1794 1216 1867 quae
1261 1767 1465 1843 initio
1512 1769 2077 1856 memoravimus»,
2125 1794 2297 1867 prae-

243 1886 518 1961 sationis
567 1884 948 1983 capitibus,
993 1884 1140 1959 duo
1183 1884 1386 1959 nobis
1426 1884 1839 1980 explicanda
1884 1883 2242 1981 supersunt
2276 1916 2293 1959 ε

243 2002 496 2101 quibus
517 1998 874 2099 explicitis
907 1998 1352 2099 intelligatur,
1383 1998 1559 2098 quid
1596 2000 1669 2073 in
1704 2000 2061 2076 Plutarchi
2094 1999 2295 2098 scrip·

242 2116 326 2189 tis
354 2114 586 2191 adhuc
615 2142 666 2188 a
685 2115 1008 2214 prioribus
1038 2118 1400 2202 editoribus,
1434 2114 1609 2213 quid
1643 2140 1832 2191 nunc
1862 2144 1909 2191 a
1932 2142 2029 2191 me
2052 2116 2297 2189 astum

243 2234 340 2307 fit.
439 2232 666 2335 Qod
698 2230 998 2329 quidem
1045 2232 1144 2307 ita
1185 2232 1463 2329 planius
1506 2232 1954 2331 intelligetur,
2004 2236 2051 2307 fi
2102 2233 2295 2329 prius

239 2368 456 2445 opera
483 2370 668 2423 meae
705 2344 915 2421 initia
947 2362 1016 2422 et
1050 2350 1475 2449 progressum
1512 2364 1933 2426 enarravero.

998 2742 1380 2805 CA?UT
1460 2744 1545 2806 11.

265 2960 376 3034 De
421 2963 626 3033 inssiz}
675 2976 742 3031 et
782 2964 1090 3059 progrgffic
1139 2982 1338 3061 operae
1383 2960 1471 3033 ab
1518 2960 1791 3035 Editore
1837 2966 1901 3035 in
1936 2960 2275 3040 Plutarchi

939 3090 1196 3189 [σφεῖς
1243 3093 1577 3163 collocata.
1766 3106 1771 3113 ’

339 3280 418 3357 Ν
481 3282 752 3358 Graecis
809 3285 1264 3374 AmstoribuS,
1321 3288 1447 3387 qui
1501 3312 1617 3362 me
1658 3286 2165 3363 adolescentem
2213 3314 2296 3365 ac

375 3418 580 3495 paene
626 3420 934 3496 puerum
979 3402 1126 3473 haec
1175 3400 1402 3476 studia
1446 3401 1949 3533 ingredientem
1986 3430 2127 3501 prae
2160 3430 2293 3479 cae-

242 3510 400 3589 teris
435 3532 788 3603 tenerent,
819 3516 1134 3615 princeps
1168 3516 1306 3592 fuit
1341 3520 1571 3593 Plato.
1659 3522 1729 3594 A
1762 3520 1958 3616 cujus
1992 3518 2185 3593 fonte
2221 3532 2295 3593 et

242 3628 588 3719 ubertate,
648 3656 877 3729 quum
928 3656 1018 3706 ex
1070 3634 1733 3709 Rumntnumms
1788 3636 1913 3708 ad
1930 3634 2297 3709 Timaeum

243 3744 948 3821 animadversionibus
978 3748 1475 3845 cognovissem,
1506 3760 1871 3847 quantum
1892 3746 2299 3845 posteriores

242 3858 618 3959 Scriptores
683 3878 758 3936 et
811 3862 1176 3936 haufiss’ent
1233 3862 1611 3938 venustatis
1665 3888 1747 3937 ac
1798 3861 2159 3951 doctrinae,
2221 3878 2297 3936 et

243 3994 426 4052 nunc
473 3974 695 4051 etiarn
739 3978 1210 4074 exspect-arent
1251 3977 1534 4051 luminis
1578 4004 1659 4051 ac
1699 3978 2040 4065 medelae3
2090 3974 2298 4050 sumst

241 4088 410 4169 mihi
439 4110 536 4165 ex
567 4092 826 4165 horum
860 4116 1158 4167 numero
1193 4092 1372 4166 duos
1399 4092 1689 4167 minime
1716 4092 2299 4177 contemnendOS,
2394 4096 2403 4103 ’

241 4226 418 4306 quos
445 4228 542 4285 ex
575 4203 943 4295 veterum,
995 4206 1308 4285 maxime
1339 4206 1675 4295 Platonis,
1726 4205 2042 4283 fontibus
2088 4206 2299 4285 corri-
