2842 4784
831 302 1763 409 PRAEFATro
2188 292 2339 401 &a

253 518 609 597 Plutarchi
642 515 1158 593 universorum.
1245 514 1422 589 Duo
1466 509 1663 611 spiffa
1698 508 2061 585 volumina
2090 506 2337 584 forma:

257 633 614 722 mximae,
663 631 1084 731 paginarum
1117 630 1320 726 supra
1355 627 1463 703 bis
1495 628 1709 713 mille,
1762 625 2095 701 Auctoris
2125 624 2338 699 unius

259 748 585 823 omnium
611 745 1015 834 doftiflimi,
1049 742 1445 820 doctrinam
1472 743 1745 840 ubique
1778 740 2179 842 spargentiS,
2214 740 2334 815 sae-

259 886 346 960 pe
401 860 863 949 effundentiS,
920 876 1290 959 quantam,
1359 884 1581 957 quam
1640 857 1905 931 variam
1974 856 2335 954 interpreti

263 978 546 1073 objiciat
576 975 970 1064 materiam,
1005 975 1204 1049 facile
1239 970 1338 1048 est
1372 974 1463 1047 ad
1498 970 2073 1047 existimandum.
2147 972 2341 1049 Haec.

262 1116 390 1192 ego
429 1091 804 1167 volumina.
843 1090 1088 1189 saepius
1135 1116 1178 1163 a
1223 1089 1455 1187 capite
1488 1090 1578 1163 ad
1633 1092 1895 1163 calcem
1949 1088 2332 1185 perlegens,

257 1206 358 1280 nil
387 1206 854 1305 proficiebam
887 1208 978 1279 ad
1027 1205 1215 1279 illam
1263 1220 1623 1301 promtam
1658 1206 1981 1278 locorum
2017 1204 2334 1276 recorda-

263 1320 559 1408 tionem,
615 1347 832 1420 quam
891 1320 965 1393 in
1021 1320 1258 1393 libello
1314 1322 1393 1393 de
1456 1322 1613 1391 Sera
1672 1320 1973 1393 Numinis
2036 1321 2335 1392 Vinditra

263 1436 680 1513 consecutus
741 1462 930 1509 eram
964 1463 980 1506 :
1057 1434 1350 1531 septima
1421 1432 1635 1509 etiam
1700 1432 2023 1520 lectione,
2096 1450 2332 1505 antea-

263 1579 479 1653 quam
515 1552 607 1625 ad
641 1548 958 1645 medium
990 1549 1470 1647 pervenissem,
1521 1547 1750 1645 prima
1795 1548 1868 1621 in
1902 1546 2333 1629 oblivionem

261 1667 578 1771 abibant.
687 1665 912 1764 Igitur
943 1664 1306 1753 materiam
1342 1690 1432 1737 ex
1469 1662 1931 1737 multitudine
1968 1664 2055 1736 ad
2092 1662 2334 1759 pauci·

265 1796 484 1857 tatem
545 1779 852 1877 redigere
911 1772 1172 1866 studui,
1239 1776 1406 1852 dedi
1461 1805 1579 1851 me
1636 1779 1725 1850 ad
1784 1778 2329 1873 excerpendum.

267 1898 400 1971 Sed
431 1894 678 1969 omnia
708 1894 847 1967 fere
877 1894 1309 1991 excerpenda
1341 1908 1535 1967 erant
1564 1924 1587 1979 ;
1641 1892 1738 1965 nil
1780 1892 1971 1965 enim
2004 1917 2149 1965 non
2179 1892 2333 1989 dig-

271 2038 444 2087 num
477 2024 766 2096 notam,
799 2009 898 2083 nil
933 2034 1076 2082 non
1107 2006 1562 2082 memorabile
1596 2006 1987 2082 videbatur.

359 2130 460 2201 Et
503 2150 674 2199 vero
720 2150 808 2198 ne
861 2126 951 2199 fic
995 2124 1286 2223 quidem
1330 2122 1792 2221 proficiebam
1838 2124 1927 2196 ad
1977 2135 2336 2219 promtam

269 2240 816 2337 expeditamque
865 2241 1185 2314 locorum
1236 2254 1731 2335 excerptorum
1779 2238 2335 2313 recordationem

271 2370 335 2430 et
367 2357 806 2431 facultatem.
914 2358 1108 2451 Saepe
1143 2354 1356 2428 fiebat
1386 2371 1471 2428 ut
1518 2354 1592 2427 in
1642 2354 1921 2455 alteriue
1955 2351 2335 2429 inciderem

273 2468 638 2569 Scriptoris
671 2472 941 2557 locum,
983 2470 1072 2543 de
1125 2495 1272 2567 quo
1311 2469 1712 2545 dubitarem
1756 2472 2012 2544 effetne
2044 2470 2135 2543 ad
2170 2472 2335 2545 Plu-

271 2588 598 2661 tarchum
653 2582 1091 2659 referendus:
1129 2610 1330 2682 ergo
1383 2586 1626 2659 notavi
1684 2612 1893 2659 eum:
1970 2600 2042 2659 et
2096 2585 2339 2661 notavi

273 2699 406 2773 fere
437 2699 706 2786 omnia,
743 2726 830 2772 ne
868 2698 1043 2797 quid
1077 2698 1298 2807 perire
1333 2702 1640 2774 sinerem.
1694 2704 1887 2798 Saepe
1923 2702 2094 2774 item
2122 2702 2337 2775 fiebat

273 2829 538 2887 utrem
573 2812 1044 2887 dictionemve
1077 2812 1152 2886 in
1186 2829 1517 2910 excerpta
1550 2818 1833 2889 relatam
1886 2816 2177 2913 reperire
2214 2816 2338 2889 de-

279 2952 418 3003 nuo
471 2954 622 3003 non
671 2930 936 3025 poflem
993 2928 1114 3001 nifi
1163 2928 1619 3025 pervolutatis
1675 2930 2004 3005 omnibus
2054 2954 2339 3027 excerp-

279 3054 516 3117 torum
539 3042 831 3130 schediS,
858 3058 929 3116 et
958 3042 1240 3141 integris
1269 3069 1784 3141 nonnunquam
1812 3043 2024 3119 libris.
2082 3048 2341 3120 Unum

267 3158 411 3255 jam
445 3158 746 3233 restabat
781 3158 1135 3232 memoriae
1169 3158 1581 3246 subsidium,
1619 3176 1701 3233 ut
1740 3186 2026 3234 omnem
2064 3163 2339 3235 Plutar-

275 3277 518 3351 cheam
565 3298 800 3346 rerum
835 3269 1773 3377 verborumque-materiam
1826 3272 2067 3348 ordine
2112 3276 2341 3349 litera·

279 3414 430 3463 rum
466 3386 857 3488 redigerem
891 3388 962 3461 in
994 3388 1292 3475 IndiceS,
1330 3390 1418 3461 ad
1443 3389 1707 3487 eosque
1733 3389 2099 3465 materiam
2129 3416 2343 3489 appa-

279 3522 462 3579 ratus
509 3529 604 3577 ex
653 3502 804 3575 aliis
857 3502 1322 3601 Scriptoribus
1371 3506 1765 3592 collectam,
1818 3506 1941 3579 suo
1987 3532 2347 3605 quamque

281 3620 432 3694 loco
467 3632 910 3692 annotarem.
1011 3620 1202 3717 Ergo
1235 3620 1373 3691 hoc
1421 3618 1559 3717 egi,
1612 3636 1680 3693 et
1722 3620 1990 3695 confeci
2024 3623 2347 3719 complu-

277 3757 384 3807 res
417 3732 690 3807 Indices
721 3732 978 3831 eosque
1011 3734 1422 3830 locupleteS,
1448 3733 1575 3807 sed
1604 3735 1995 3833 praecipuos
2020 3750 2349 3833 quatuor.

285 3849 560 3923 Primus
592 3847 692 3921 est
727 3846 1100 3921 nominum
1137 3849 1659 3945 verborumque
1681 3854 2140 3923 Graecorum:
2178 3851 2353 3923 alter

285 3962 809 4061 grammaticus,
841 3961 1228 4037 formarum
1261 3962 1829 4037 constructionis:
1874 3964 2119 4038 tertius
2156 3969 2355 4039 Auc-

291 4096 490 4164 tore5‚
519 4103 916 4175 eorumque
949 4080 1166 4165 loc05,
1203 4104 1245 4151 a
1280 4080 1661 4151 Plutarcho
1694 4092 2117 4153 memoratos
2151 4106 2351 4155 com-

291 4192 671 4287 plectitur:
747 4210 1038 4291 quartus
1093 4190 1192 4269 est
1247 4216 1479 4267 rerum
1533 4210 1605 4267 et
1659 4191 2057 4275 hominum.
2159 4198 2359 4273 Nam

1265 4308 1392 4407 ba
