2842 4784
760 253 1694 332 PRAEFATIO.
2031 283 2271 337 cxxxv

248 438 547 515 Verfionis
581 439 877 514 titulum
904 440 1107 538 supra
1130 441 1418 538 apposui
1459 453 1522 541 §.
1553 466 1624 542 5,
1661 465 1893 541 neque
1916 441 2056 519 illic
2075 447 2270 522 dieta

243 554 335 627 hic
376 553 602 628 iterare
652 555 957 630 attinet:
1014 555 1231 654 ipsam
1280 583 1428 630 non
1475 557 1860 632 memoravi
1911 563 1978 652 §.
2027 587 2140 647 10,
2192 565 2268 634 in

240 672 486 746 Gallicis
514 673 959 748 Vei-sionibus
988 673 1067 746 iis
1098 674 1359 772 quibus
1394 675 1666 774 aliquid
1698 676 1873 749 boni
1903 675 2140 750 ineffet
2175 679 2266 752 ad

236 790 757 866 emendationem
798 793 1030 867 Graeci
1066 807 1468 868 contextus.
1545 795 1806 890 Neque
1842 793 2054 868 etiam
2089 794 2263 890 ejus-

234 903 395 974 modi
423 902 551 977 fuit
588 905 965 1004 negotium
1000 909 1403 982 wanm.
1459 906 1712 980 Scribit
1749 907 1824 980 in
1856 906 2262 1004 praefatione

231 1017 300 1088 ad
348 1022 672 1094 volumen
724 1021 1140 1108 secundum,
1201 1021 1267 1094 se
1320 1021 1634 1094 habuisse
1692 1023 1872 1096 duos
1932 1021 2262 1120 antiquos

230 1127 635 1208 Bibliothecae
669 1133 874 1234 regiae
908 1135 1184 1208 codices
1228 1137 1403 1235 1671
1451 1151 1521 1208 et
1563 1140 1779 1236 ‘67²’
1815 1135 1991 1246 item
2025 1141 2260 1210 Am·

234 1269 341 1318 οτι
374 1251 806 1346 exemplum.
889 1250 1185 1326 Codices
1220 1249 1379 1324 sunt
1414 1250 1516 1324 illi
1552 1251 1674 1348 ipsi
1706 1277 1886 1350 quos
1921 1277 2056 1350 ego
2089 1278 2259 1328 con-

228 1361 333 1432 tuli
360 1379 423 1436 et
454 1364 665 1438 literis
710 1371 781 1440 A
830 1381 899 1440 et
944 1367 1011 1439 E
1060 1365 1351 1453 notavi3
1402 1367 1492 1439 de
1533 1371 1880 1440 Amen
1925 1371 2260 1466 exemplo

228 1473 395 1574 supra
420 1481 595 1555 dixi.
668 1484 781 1556 Ex
817 1497 1073 1556 neutro
1106 1481 1303 1556 fonte
1337 1482 1604 1580 aliquid
1641 1485 1930 1557 medelae
1963 1485 2259 1582 protulit

229 1593 657 1672 chARnus.
740 1599 872 1672 Per
900 1600 1093 1671 locos
1125 1611 1490 1695 corruptos
1524 1595 1624 1670 ita
1659 1597 1944 1682 transm,
1981 1612 2066 1671 ut
2103 1598 2258 1672 satis

228 1707 467 1784 haberet
504 1710 849 1808 ejusmodi
900 1715 1305 1787 Verfionem
1354 1711 1646 1785 effeciffe
1697 1737 1856 1808 quae
1900 1738 1941 1784 a
1977 1713 2260 1788 Gallicis

226 1823 560 1902 lettoribus
594 1829 1117 1928 intelligeretur.
1222 1834 1308 1904 In
1341 1828 1770 1928 explicandis
1805 1830 1974 1903 locis
2007 1831 2260 1905 obscu-

228 1940 293 2012 ris
319 1947 461 2040 plus
504 1972 733 2045 operae
765 1945 1039 2045 posuit3
1074 1947 1340 2046 quippe
1373 1971 1554 2044 quos
1586 1945 1777 2020 haud
1813 1945 2260 2043 indiligenter

226 2058 703 2152 animadvertit,
754 2079 824 2138 et
872 2063 965 2138 ad
1004 2065 1379 2150 leftorum,
1433 2060 1692 2160 quibus
1728 2058 2096 2148 scribebat,
2151 2060 2256 2134 in-

221 2176 467 2270 genium
498 2179 983 2278 probabiliter,
1034 2178 1326 2253 subinde
1371 2177 1646 2276 aperuit
1688 2205 1778 2252 ex
1814 2203 2048 2252 rerum
2082 2203 2250 2276 cog-

226 2289 477 2384 nitione,
548 2295 751 2392 cujus
808 2296 1093 2370 laudem
1150 2296 1215 2369 ei
1270 2295 1570 2370 libenter
1625 2293 2028 2370 tribuimus.
2135 2297 2258 2372 Ad

226 2408 434 2488 nostrae
470 2413 763 2512 quidem
796 2411 1147 2488 Editionis
1182 2411 1385 2488 usum
1417 2411 1516 2488 nil
1553 2409 1818 2488 attulit.

914 2656 968 2714 C
998 2659 1051 2716 A
1080 2656 1122 2714 P
1152 2654 1211 2714 U
1238 2655 1298 2714 T
1400 2659 1512 2718 IV.

506 2759 699 2892 Qid
724 2795 847 2868 hac
877 2796 944 2867 in
979 2793 1274 2868 Editione
1304 2823 1347 2868 a
1375 2794 1546 2869 nobis
1578 2802 1784 2868 obium
1796 2797 1914 2888 stt.

322 2990 785 3066 UPEREST
835 2991 1131 3066 ultimus
1181 2990 1608 3090 praefationis
1658 2994 1880 3080 locus,
1930 3016 2080 3090 quo
2124 3019 2248 3069 ex·

364 3121 683 3202 ponatur,
735 3103 907 3202 quid
943 3107 1071 3180 hac
1119 3105 1191 3180 in
1244 3105 1577 3182 Editione
1605 3109 1851 3194 aetum
1887 3112 1992 3183 fit.
2097 3111 2248 3212 Qi

223 3209 385 3291 locus
414 3221 799 3296 breviorem
836 3225 1047 3296 habet
1085 3222 1654 3320 explicationem.
1737 3228 1932 3301 Nam
1960 3253 2247 3326 operam

224 3331 509 3422 nostram,
560 3337 903 3410 librorum
958 3339 1217 3435 copiaS,
1274 3355 1344 3413 et
1389 3340 1744 3440 reliquum
1799 3360 2244 3442 apparatum,

222 3469 361 3522 curn
386 3449 580 3548 supra
612 3453 1186 3542 memoravimuS,
1235 3471 1393 3530 tum
1427 3455 1604 3532 infra
1634 3457 2136 3533 recensebimus
2169 3459 2244 3532 in

222 3563 536 3644 Indicibus
582 3569 751 3644 huic
792 3545 1183 3668 praefatidni
1218 3572 1562 3668 subjeffitis.
1665 3577 1762 3649 Et
1814 3601 2044 3674 quum
2093 3575 2244 3646 duo

224 3677 351 3770 sint,
388 3700 469 3760 ut
501 3685 677 3784 saepe
710 3685 1279 3784 fignificavimus,
1331 3688 1644 3763 Editoris
1673 3689 1924 3775 officia,
1978 3691 2242 3762 Emen-

220 3791 377 3870 datio
405 3816 473 3875 et
506 3801 1003 3900 Interpretatio
1032 3834 1057 3888 ;
1108 3829 1299 3877 nunc
1345 3805 1434 3876 de
1484 3803 1602 3879 illa
1629 3803 1994 3901 utriusque
2028 3799 2242 3875 officii

222 3927 383 4000 parte
411 3916 747 4005 dicemus,
780 3943 941 4017 quae
977 3915 1049 3992 in
1084 3917 1191 3991 his
1223 3917 1543 4018 quinque
1569 3918 1916 4017 prioribus
1937 3915 2242 3992 versatur

222 4027 677 4120 voluminibus,
728 4058 1039 4132 quorum
1089 4033 1343 4132 triplex
1391 4035 1492 4109 est
1538 4033 1848 4123 materia,
1905 4037 2244 4114 Graecum

224 4157 368 4234 Opus
420 4147 773 4240 Αυξὶοῐὶε,
840 4149 1237 4252 Annotatio
1306 4150 1914 4240 emendationum,
1985 4150 2242 4228 Latina

1157 4259 1265 4360 ³4
