<?xml version="1.0" encoding="UTF-8"?>
<!DOCTYPE html PUBLIC "-//W3C//DTD XHTML 1.0 Transitional//EN"
    "http://www.w3.org/TR/xhtml1/DTD/xhtml1-transitional.dtd">
<html xmlns="http://www.w3.org/1999/xhtml" xml:lang="en" lang="en">
 <head>
  <title>
</title>
<meta http-equiv="Content-Type" content="text/html;charset=utf-8" />
  <meta name='ocr-system' content='tesseract 3.04.00' />
  <meta name='ocr-capabilities' content='ocr_page ocr_carea ocr_par ocr_line ocrx_word'/>
</head>
<body>
  <div class='ocr_page' id='page_1' title='image "./ploutarchoutouc06unkngoog_0132.png"; bbox 0 0 2842 4784; ppageno 0'>
   <div class='ocr_carea' id='block_1_1' title="bbox 540 289 2038 374">
    <p class='ocr_par' dir='ltr' id='par_1_1' title="bbox 540 289 2038 374">
     <span class='ocr_line' id='line_1_1' title="bbox 540 289 2038 374; baseline -0.007 1"><span class='ocrx_word' id='word_1_1' title='bbox 540 319 735 374; x_wconf 77' lang='lat' dir='ltr'>cxxx</span> <span class='ocrx_word' id='word_1_2' title='bbox 1115 289 2038 367; x_wconf 87' lang='lat' dir='ltr'>PRAEFATIO.</span> 
     </span>
    </p>
   </div>
   <div class='ocr_carea' id='block_1_2' title="bbox 542 472 2643 4274">
    <p class='ocr_par' dir='ltr' id='par_1_2' title="bbox 542 472 2638 1596">
     <span class='ocr_line' id='line_1_2' title="bbox 544 472 2636 561; baseline -0.005 -3"><span class='ocrx_word' id='word_1_3' title='bbox 544 482 851 558; x_wconf 87' lang='lat' dir='ltr'>edendos</span> <span class='ocrx_word' id='word_1_4' title='bbox 884 477 1292 551; x_wconf 82' lang='lat' dir='ltr'><strong>accedebat.</strong></span> <span class='ocrx_word' id='word_1_5' title='bbox 1392 479 1494 550; x_wconf 89' lang='lat' dir='ltr'>At</span> <span class='ocrx_word' id='word_1_6' title='bbox 1545 477 1824 550; x_wconf 87' lang='lat' dir='ltr'>valebat</span> <span class='ocrx_word' id='word_1_7' title='bbox 1873 472 2232 549; x_wconf 87' lang='lat' dir='ltr'>memoriae</span> <span class='ocrx_word' id='word_1_8' title='bbox 2263 473 2636 561; x_wconf 81' lang='lat' dir='ltr'>bonitate,</span> 
     </span>
     <span class='ocr_line' id='line_1_3' title="bbox 542 588 2638 689; baseline -0.004 -19"><span class='ocrx_word' id='word_1_9' title='bbox 542 594 819 670; x_wconf 88' lang='lat' dir='ltr'>infinita</span> <span class='ocrx_word' id='word_1_10' title='bbox 850 590 1176 676; x_wconf 65' lang='lat' dir='ltr'>lectione,</span> <span class='ocrx_word' id='word_1_11' title='bbox 1214 594 1484 666; x_wconf 80' lang='lat' dir='ltr'>Graecae</span> <span class='ocrx_word' id='word_1_12' title='bbox 1517 589 1775 689; x_wconf 83' lang='lat' dir='ltr'>linguae</span> <span class='ocrx_word' id='word_1_13' title='bbox 1810 589 2116 677; x_wconf 84' lang='lat' dir='ltr'>scientia,</span> <span class='ocrx_word' id='word_1_14' title='bbox 2165 588 2297 665; x_wconf 90' lang='lat' dir='ltr'>usu</span> <span class='ocrx_word' id='word_1_15' title='bbox 2325 591 2638 664; x_wconf 68' lang='lat' dir='ltr'>collecta.</span> 
     </span>
     <span class='ocr_line' id='line_1_4' title="bbox 543 704 2635 804; baseline -0.003 -19"><span class='ocrx_word' id='word_1_16' title='bbox 543 709 684 798; x_wconf 88' lang='lat' dir='ltr'>illa,</span> <span class='ocrx_word' id='word_1_17' title='bbox 736 734 881 782; x_wconf 91' lang='lat' dir='ltr'>non</span> <span class='ocrx_word' id='word_1_18' title='bbox 931 707 1021 779; x_wconf 89' lang='lat' dir='ltr'>ad</span> <span class='ocrx_word' id='word_1_19' title='bbox 1072 705 1417 779; x_wconf 86' lang='lat' dir='ltr'>rationem</span> <span class='ocrx_word' id='word_1_20' title='bbox 1467 705 1949 780; x_wconf 83' lang='lat' dir='ltr'>conformata:</span> <span class='ocrx_word' id='word_1_21' title='bbox 2023 707 2298 780; x_wconf 86' lang='lat' dir='ltr'>valebat</span> <span class='ocrx_word' id='word_1_22' title='bbox 2353 704 2635 804; x_wconf 86' lang='lat' dir='ltr'>ingenii</span> 
     </span>
     <span class='ocr_line' id='line_1_5' title="bbox 543 819 2636 919; baseline -0.003 -18"><span class='ocrx_word' id='word_1_23' title='bbox 543 825 911 901; x_wconf 85' lang='lat' dir='ltr'>velocitate</span> <span class='ocrx_word' id='word_1_24' title='bbox 946 835 1017 894; x_wconf 92' lang='lat' dir='ltr'>et</span> <span class='ocrx_word' id='word_1_25' title='bbox 1052 819 1403 908; x_wconf 84' lang='lat' dir='ltr'>acumine,</span> <span class='ocrx_word' id='word_1_26' title='bbox 1445 821 1677 895; x_wconf 88' lang='lat' dir='ltr'>subito</span> <span class='ocrx_word' id='word_1_27' title='bbox 1715 823 2157 909; x_wconf 85' lang='lat' dir='ltr'>movebatur,</span> <span class='ocrx_word' id='word_1_28' title='bbox 2207 821 2489 919; x_wconf 89' lang='lat' dir='ltr'>impetu</span> <span class='ocrx_word' id='word_1_29' title='bbox 2523 820 2636 894; x_wconf 88' lang='lat' dir='ltr'>fe-</span> 
     </span>
     <span class='ocr_line' id='line_1_6' title="bbox 542 936 2632 1038; baseline -0.001 -22"><span class='ocrx_word' id='word_1_30' title='bbox 542 944 827 1016; x_wconf 83' lang='lat' dir='ltr'>rebatur</span> <span class='ocrx_word' id='word_1_31' title='bbox 855 973 878 1027; x_wconf 82' lang='lat'>3</span> <span class='ocrx_word' id='word_1_32' title='bbox 930 963 1241 1035; x_wconf 90' lang='lat' dir='ltr'>cumque</span> <span class='ocrx_word' id='word_1_33' title='bbox 1275 937 1375 1010; x_wconf 88' lang='lat' dir='ltr'>ita</span> <span class='ocrx_word' id='word_1_34' title='bbox 1408 936 1742 1012; x_wconf 87' lang='lat' dir='ltr'>incitatus</span> <span class='ocrx_word' id='word_1_35' title='bbox 1773 963 2020 1014; x_wconf 85' lang='lat' dir='ltr'>omnes</span> <span class='ocrx_word' id='word_1_36' title='bbox 2064 941 2280 1027; x_wconf 73' lang='lat' dir='ltr'>locos„</span> <span class='ocrx_word' id='word_1_37' title='bbox 2331 941 2426 1014; x_wconf 90' lang='lat' dir='ltr'>de</span> <span class='ocrx_word' id='word_1_38' title='bbox 2458 940 2632 1038; x_wconf 85' lang='lat' dir='ltr'>qui-</span> 
     </span>
     <span class='ocr_line' id='line_1_7' title="bbox 542 1052 2634 1154; baseline -0.001 -23"><span class='ocrx_word' id='word_1_39' title='bbox 542 1059 679 1131; x_wconf 89' lang='lat' dir='ltr'>bus</span> <span class='ocrx_word' id='word_1_40' title='bbox 710 1053 1093 1140; x_wconf 86' lang='lat' dir='ltr'>dubitaret,</span> <span class='ocrx_word' id='word_1_41' title='bbox 1144 1055 1591 1128; x_wconf 88' lang='lat' dir='ltr'>emendando</span> <span class='ocrx_word' id='word_1_42' title='bbox 1626 1053 2028 1153; x_wconf 81' lang='lat' dir='ltr'>attingeret,</span> <span class='ocrx_word' id='word_1_43' title='bbox 2082 1053 2155 1127; x_wconf 91' lang='lat' dir='ltr'>in</span> <span class='ocrx_word' id='word_1_44' title='bbox 2199 1052 2552 1154; x_wconf 89' lang='lat' dir='ltr'>plerisque</span> <span class='ocrx_word' id='word_1_45' title='bbox 2585 1081 2634 1127; x_wconf 81' lang='lat' dir='ltr'>a</span> 
     </span>
     <span class='ocr_line' id='line_1_8' title="bbox 544 1170 2632 1276; baseline -0.002 -30"><span class='ocrx_word' id='word_1_46' title='bbox 544 1175 903 1276; x_wconf 81' lang='lat' dir='ltr'>proposito</span> <span class='ocrx_word' id='word_1_47' title='bbox 936 1171 1326 1257; x_wconf 87' lang='lat' dir='ltr'>aberrabat,</span> <span class='ocrx_word' id='word_1_48' title='bbox 1360 1170 1532 1244; x_wconf 80' lang='lat' dir='ltr'>alios</span> <span class='ocrx_word' id='word_1_49' title='bbox 1557 1170 2012 1267; x_wconf 86' lang='lat' dir='ltr'>probabiliter</span> <span class='ocrx_word' id='word_1_50' title='bbox 2038 1171 2418 1255; x_wconf 65' lang='lat' dir='ltr'>tractabat,</span> <span class='ocrx_word' id='word_1_51' title='bbox 2445 1195 2632 1242; x_wconf 92' lang='lat' dir='ltr'>non-</span> 
     </span>
     <span class='ocr_line' id='line_1_9' title="bbox 542 1284 2626 1382; baseline -0.002 -20"><span class='ocrx_word' id='word_1_52' title='bbox 542 1289 767 1362; x_wconf 90' lang='lat' dir='ltr'>nullos</span> <span class='ocrx_word' id='word_1_53' title='bbox 798 1284 1082 1382; x_wconf 89' lang='lat' dir='ltr'>penitus</span> <span class='ocrx_word' id='word_1_54' title='bbox 1115 1287 1726 1382; x_wconf 64' lang='lat' dir='ltr'>complectebatur</span> <span class='ocrx_word' id='word_1_55' title='bbox 1757 1300 1832 1360; x_wconf 90' lang='lat' dir='ltr'>et</span> <span class='ocrx_word' id='word_1_56' title='bbox 1880 1286 2248 1364; x_wconf 85' lang='lat' dir='ltr'>certiffima</span> <span class='ocrx_word' id='word_1_57' title='bbox 2295 1284 2626 1361; x_wconf 89' lang='lat' dir='ltr'>restitue-</span> 
     </span>
     <span class='ocr_line' id='line_1_10' title="bbox 546 1401 2630 1502; baseline -0.001 -25"><span class='ocrx_word' id='word_1_58' title='bbox 546 1406 669 1478; x_wconf 85' lang='lat' dir='ltr'>bat</span> <span class='ocrx_word' id='word_1_59' title='bbox 738 1402 1141 1499; x_wconf 69' lang='lat' dir='ltr'>conjectura</span> <span class='ocrx_word' id='word_1_60' title='bbox 1206 1429 1367 1502; x_wconf 85' lang='lat' dir='ltr'>quae</span> <span class='ocrx_word' id='word_1_61' title='bbox 1437 1406 1642 1501; x_wconf 86' lang='lat' dir='ltr'>plane</span> <span class='ocrx_word' id='word_1_62' title='bbox 1711 1403 2054 1478; x_wconf 82' lang='lat' dir='ltr'>divinitus</span> <span class='ocrx_word' id='word_1_63' title='bbox 2119 1404 2358 1478; x_wconf 91' lang='lat' dir='ltr'>oblata</span> <span class='ocrx_word' id='word_1_64' title='bbox 2422 1401 2630 1477; x_wconf 89' lang='lat' dir='ltr'>vide-</span> 
     </span>
     <span class='ocr_line' id='line_1_11' title="bbox 544 1534 765 1596; baseline -0.009 -1"><span class='ocrx_word' id='word_1_65' title='bbox 544 1534 765 1596; x_wconf 88' lang='lat' dir='ltr'>retur.</span> 
     </span>
    </p>

    <p class='ocr_par' dir='ltr' id='par_1_3' title="bbox 544 1636 2643 4147">
     <span class='ocr_line' id='line_1_12' title="bbox 645 1636 2634 1735; baseline -0.002 -24"><span class='ocrx_word' id='word_1_66' title='bbox 645 1640 839 1735; x_wconf 85' lang='lat' dir='ltr'>Ergo</span> <span class='ocrx_word' id='word_1_67' title='bbox 907 1663 1138 1733; x_wconf 91' lang='lat' dir='ltr'>quum</span> <span class='ocrx_word' id='word_1_68' title='bbox 1206 1638 1507 1710; x_wconf 84' lang='lat' dir='ltr'>Moralia</span> <span class='ocrx_word' id='word_1_69' title='bbox 1572 1637 1988 1710; x_wconf 84' lang='lat' dir='ltr'>Plutarchea</span> <span class='ocrx_word' id='word_1_70' title='bbox 2055 1636 2178 1712; x_wconf 87' lang='lat' dir='ltr'>fibi</span> <span class='ocrx_word' id='word_1_71' title='bbox 2261 1637 2634 1711; x_wconf 66' lang='lat' dir='ltr'>tractanda</span> 
     </span>
     <span class='ocr_line' id='line_1_13' title="bbox 546 1750 2630 1854; baseline -0.001 -28"><span class='ocrx_word' id='word_1_72' title='bbox 546 1751 903 1840; x_wconf 71' lang='lat' dir='ltr'>sumsisset,</span> <span class='ocrx_word' id='word_1_73' title='bbox 934 1766 1006 1825; x_wconf 89' lang='lat' dir='ltr'>et</span> <span class='ocrx_word' id='word_1_74' title='bbox 1042 1750 1408 1850; x_wconf 85' lang='lat' dir='ltr'>ingenium</span> <span class='ocrx_word' id='word_1_75' title='bbox 1446 1767 1815 1854; x_wconf 78' lang='lat' dir='ltr'>tamquam</span> <span class='ocrx_word' id='word_1_76' title='bbox 1842 1751 1914 1824; x_wconf 91' lang='lat' dir='ltr'>in</span> <span class='ocrx_word' id='word_1_77' title='bbox 1939 1777 2278 1849; x_wconf 89' lang='lat' dir='ltr'>campum</span> <span class='ocrx_word' id='word_1_78' title='bbox 2311 1766 2384 1825; x_wconf 89' lang='lat' dir='ltr'>et</span> <span class='ocrx_word' id='word_1_79' title='bbox 2407 1777 2630 1826; x_wconf 81' lang='lat' dir='ltr'>vena-</span> 
     </span>
     <span class='ocr_line' id='line_1_14' title="bbox 544 1865 2629 1954; baseline -0.001 -14"><span class='ocrx_word' id='word_1_80' title='bbox 544 1867 819 1942; x_wconf 90' lang='lat' dir='ltr'>tionem</span> <span class='ocrx_word' id='word_1_81' title='bbox 852 1867 1435 1943; x_wconf 83' lang='lat' dir='ltr'>emendationum</span> <span class='ocrx_word' id='word_1_82' title='bbox 1467 1866 1878 1954; x_wconf 85' lang='lat' dir='ltr'>immififfet,</span> <span class='ocrx_word' id='word_1_83' title='bbox 1925 1865 2123 1940; x_wconf 86' lang='lat' dir='ltr'>facile</span> <span class='ocrx_word' id='word_1_84' title='bbox 2153 1866 2256 1940; x_wconf 88' lang='lat' dir='ltr'>est</span> <span class='ocrx_word' id='word_1_85' title='bbox 2285 1867 2380 1940; x_wconf 88' lang='lat' dir='ltr'>ad</span> <span class='ocrx_word' id='word_1_86' title='bbox 2413 1865 2629 1939; x_wconf 90' lang='lat' dir='ltr'>intel-</span> 
     </span>
     <span class='ocr_line' id='line_1_15' title="bbox 545 1984 2632 2084; baseline -0.001 -27"><span class='ocrx_word' id='word_1_87' title='bbox 545 1984 913 2084; x_wconf 85' lang='lat' dir='ltr'>ligendum</span> <span class='ocrx_word' id='word_1_88' title='bbox 946 1986 1233 2082; x_wconf 88' lang='lat' dir='ltr'>qualem</span> <span class='ocrx_word' id='word_1_89' title='bbox 1266 1997 1758 2079; x_wconf 89' lang='lat' dir='ltr'>quantamque</span> <span class='ocrx_word' id='word_1_90' title='bbox 1806 1997 2174 2080; x_wconf 87' lang='lat' dir='ltr'>capturam</span> <span class='ocrx_word' id='word_1_91' title='bbox 2225 1995 2632 2078; x_wconf 85' lang='lat' dir='ltr'>reportave-</span> 
     </span>
     <span class='ocr_line' id='line_1_16' title="bbox 546 2095 2630 2196; baseline -0.001 -24"><span class='ocrx_word' id='word_1_92' title='bbox 546 2114 661 2174; x_wconf 87' lang='lat' dir='ltr'>r1t.</span> <span class='ocrx_word' id='word_1_93' title='bbox 765 2100 1314 2174; x_wconf 88' lang='lat' dir='ltr'>Emendationes</span> <span class='ocrx_word' id='word_1_94' title='bbox 1367 2099 1691 2196; x_wconf 87' lang='lat' dir='ltr'>plurimae</span> <span class='ocrx_word' id='word_1_95' title='bbox 1739 2099 1896 2172; x_wconf 89' lang='lat' dir='ltr'>sunt</span> <span class='ocrx_word' id='word_1_96' title='bbox 1945 2095 2174 2172; x_wconf 82' lang='lat' dir='ltr'>falsae:</span> <span class='ocrx_word' id='word_1_97' title='bbox 2245 2097 2403 2171; x_wconf 91' lang='lat' dir='ltr'>sunt</span> <span class='ocrx_word' id='word_1_98' title='bbox 2453 2121 2630 2170; x_wconf 85' lang='lat' dir='ltr'>vero</span> 
     </span>
     <span class='ocr_line' id='line_1_17' title="bbox 548 2213 2628 2312; baseline 0 -26"><span class='ocrx_word' id='word_1_99' title='bbox 548 2215 763 2286; x_wconf 91' lang='lat' dir='ltr'>etiam</span> <span class='ocrx_word' id='word_1_100' title='bbox 795 2217 1207 2311; x_wconf 72' lang='lat' dir='ltr'>probandae,</span> <span class='ocrx_word' id='word_1_101' title='bbox 1244 2231 1329 2286; x_wconf 90' lang='lat' dir='ltr'>ut</span> <span class='ocrx_word' id='word_1_102' title='bbox 1365 2213 1436 2286; x_wconf 90' lang='lat' dir='ltr'>in</span> <span class='ocrx_word' id='word_1_103' title='bbox 1471 2239 1735 2312; x_wconf 85' lang='lat' dir='ltr'>magno</span> <span class='ocrx_word' id='word_1_104' title='bbox 1761 2221 2084 2300; x_wconf 85' lang='lat' dir='ltr'>num&#39;er0,</span> <span class='ocrx_word' id='word_1_105' title='bbox 2119 2214 2312 2288; x_wconf 89' lang='lat' dir='ltr'>haud</span> <span class='ocrx_word' id='word_1_106' title='bbox 2336 2237 2628 2310; x_wconf 83' lang='lat' dir='ltr'>paucae:</span> 
     </span>
     <span class='ocr_line' id='line_1_18' title="bbox 548 2327 2633 2428; baseline 0 -26"><span class='ocrx_word' id='word_1_107' title='bbox 548 2327 705 2402; x_wconf 87' lang='lat' dir='ltr'>sunt</span> <span class='ocrx_word' id='word_1_108' title='bbox 740 2329 1043 2424; x_wconf 88' lang='lat' dir='ltr'>denique</span> <span class='ocrx_word' id='word_1_109' title='bbox 1087 2330 1444 2402; x_wconf 87' lang='lat' dir='ltr'>nonnullae</span> <span class='ocrx_word' id='word_1_110' title='bbox 1495 2329 1773 2424; x_wconf 88' lang='lat' dir='ltr'>prorsus</span> <span class='ocrx_word' id='word_1_111' title='bbox 1823 2329 2136 2428; x_wconf 69' lang='lat' dir='ltr'>egregiae.</span> <span class='ocrx_word' id='word_1_112' title='bbox 2243 2331 2341 2403; x_wconf 90' lang='lat' dir='ltr'>Et</span> <span class='ocrx_word' id='word_1_113' title='bbox 2391 2331 2633 2425; x_wconf 82' lang='lat' dir='ltr'>plures</span> 
     </span>
     <span class='ocr_line' id='line_1_19' title="bbox 550 2441 2634 2541; baseline 0.001 -27"><span class='ocrx_word' id='word_1_114' title='bbox 550 2441 866 2538; x_wconf 64' lang='lat' dir='ltr'>profecto</span> <span class='ocrx_word' id='word_1_115' title='bbox 912 2443 1295 2538; x_wconf 85' lang='lat' dir='ltr'>probandae</span> <span class='ocrx_word' id='word_1_116' title='bbox 1348 2457 1418 2515; x_wconf 90' lang='lat' dir='ltr'>et</span> <span class='ocrx_word' id='word_1_117' title='bbox 1467 2443 1758 2541; x_wconf 68' lang='lat' dir='ltr'>egregiae</span> <span class='ocrx_word' id='word_1_118' title='bbox 1807 2443 2114 2530; x_wconf 82' lang='lat' dir='ltr'>fuifl&#39;ent,</span> <span class='ocrx_word' id='word_1_119' title='bbox 2171 2447 2215 2518; x_wconf 84' lang='lat' dir='ltr'>fi</span> <span class='ocrx_word' id='word_1_120' title='bbox 2249 2444 2408 2540; x_wconf 87' lang='lat' dir='ltr'>plus</span> <span class='ocrx_word' id='word_1_121' title='bbox 2441 2459 2634 2516; x_wconf 89' lang='lat' dir='ltr'>tem-</span> 
     </span>
     <span class='ocr_line' id='line_1_20' title="bbox 551 2557 2632 2658; baseline 0.001 -28"><span class='ocrx_word' id='word_1_122' title='bbox 551 2559 735 2656; x_wconf 86' lang='lat' dir='ltr'>poris</span> <span class='ocrx_word' id='word_1_123' title='bbox 796 2561 1173 2632; x_wconf 85' lang='lat' dir='ltr'>Plutarcho</span> <span class='ocrx_word' id='word_1_124' title='bbox 1229 2557 1602 2648; x_wconf 81' lang='lat' dir='ltr'>tribuifl&#39;et,</span> <span class='ocrx_word' id='word_1_125' title='bbox 1659 2587 1828 2634; x_wconf 89' lang='lat' dir='ltr'>cum</span> <span class='ocrx_word' id='word_1_126' title='bbox 1885 2560 2166 2658; x_wconf 89' lang='lat' dir='ltr'>ejusque</span> <span class='ocrx_word' id='word_1_127' title='bbox 2222 2559 2492 2634; x_wconf 86' lang='lat' dir='ltr'>ratione</span> <span class='ocrx_word' id='word_1_128' title='bbox 2551 2575 2632 2632; x_wconf 90' lang='lat' dir='ltr'>et</span> 
     </span>
     <span class='ocr_line' id='line_1_21' title="bbox 552 2673 2630 2754; baseline 0.001 -7"><span class='ocrx_word' id='word_1_129' title='bbox 552 2673 863 2748; x_wconf 63' lang='lat' dir='ltr'>oratione</span> <span class='ocrx_word' id='word_1_130' title='bbox 931 2673 1476 2750; x_wconf 75' lang='lat' dir='ltr'>familiaritatem</span> <span class='ocrx_word' id='word_1_131' title='bbox 1542 2679 2010 2752; x_wconf 84' lang='lat' dir='ltr'>contraxiffet.</span> <span class='ocrx_word' id='word_1_132' title='bbox 2114 2681 2252 2754; x_wconf 86' lang='lat' dir='ltr'>Sed</span> <span class='ocrx_word' id='word_1_133' title='bbox 2317 2679 2630 2752; x_wconf 86' lang='lat' dir='ltr'>habebat</span> 
     </span>
     <span class='ocr_line' id='line_1_22' title="bbox 550 2791 2632 2890; baseline 0 -26"><span class='ocrx_word' id='word_1_134' title='bbox 550 2794 688 2866; x_wconf 90' lang='lat' dir='ltr'>hoc</span> <span class='ocrx_word' id='word_1_135' title='bbox 725 2795 1133 2866; x_wconf 68' lang='lat' dir='ltr'>Rnrsst</span> <span class='ocrx_word' id='word_1_136' title='bbox 1172 2822 1186 2864; x_wconf 92' lang='lat'>:</span> <span class='ocrx_word' id='word_1_137' title='bbox 1244 2791 1317 2864; x_wconf 89' lang='lat' dir='ltr'>in</span> <span class='ocrx_word' id='word_1_138' title='bbox 1370 2793 1566 2865; x_wconf 88' lang='lat' dir='ltr'>nullo</span> <span class='ocrx_word' id='word_1_139' title='bbox 1603 2795 1915 2866; x_wconf 66' lang='lat' dir='ltr'>Auctore</span> <span class='ocrx_word' id='word_1_140' title='bbox 1951 2794 2363 2881; x_wconf 82' lang='lat' dir='ltr'>habitabat3</span> <span class='ocrx_word' id='word_1_141' title='bbox 2414 2817 2632 2890; x_wconf 80' lang='lat' dir='ltr'>vaga-</span> 
     </span>
     <span class='ocr_line' id='line_1_23' title="bbox 550 2907 2634 3007; baseline 0.002 -29"><span class='ocrx_word' id='word_1_142' title='bbox 550 2910 766 2981; x_wconf 82' lang='lat' dir='ltr'>batur</span> <span class='ocrx_word' id='word_1_143' title='bbox 832 2933 955 3004; x_wconf 88' lang='lat' dir='ltr'>per</span> <span class='ocrx_word' id='word_1_144' title='bbox 1022 2933 1322 2980; x_wconf 82' lang='lat' dir='ltr'>omnes:</span> <span class='ocrx_word' id='word_1_145' title='bbox 1400 2931 1532 2981; x_wconf 89' lang='lat' dir='ltr'>nec</span> <span class='ocrx_word' id='word_1_146' title='bbox 1585 2909 1778 3004; x_wconf 87' lang='lat' dir='ltr'>apud</span> <span class='ocrx_word' id='word_1_147' title='bbox 1845 2933 2286 3007; x_wconf 88' lang='lat' dir='ltr'>quemquam</span> <span class='ocrx_word' id='word_1_148' title='bbox 2349 2907 2634 2984; x_wconf 89' lang='lat' dir='ltr'>tamdiu</span> 
     </span>
     <span class='ocr_line' id='line_1_24' title="bbox 552 3021 2632 3118; baseline 0.001 -24"><span class='ocrx_word' id='word_1_149' title='bbox 552 3025 971 3109; x_wconf 84' lang='lat' dir='ltr'>divertebat,</span> <span class='ocrx_word' id='word_1_150' title='bbox 1024 3041 1106 3095; x_wconf 90' lang='lat' dir='ltr'>ut</span> <span class='ocrx_word' id='word_1_151' title='bbox 1158 3022 1227 3094; x_wconf 86' lang='lat' dir='ltr'>in</span> <span class='ocrx_word' id='word_1_152' title='bbox 1260 3025 1476 3118; x_wconf 88' lang='lat' dir='ltr'>paulo</span> <span class='ocrx_word' id='word_1_153' title='bbox 1521 3022 1924 3096; x_wconf 86' lang='lat' dir='ltr'>interiorem</span> <span class='ocrx_word' id='word_1_154' title='bbox 1977 3023 2123 3118; x_wconf 87' lang='lat' dir='ltr'>ejus</span> <span class='ocrx_word' id='word_1_155' title='bbox 2173 3021 2632 3097; x_wconf 87' lang='lat' dir='ltr'>consuetudi·</span> 
     </span>
     <span class='ocr_line' id='line_1_25' title="bbox 553 3135 2634 3235; baseline 0 -25"><span class='ocrx_word' id='word_1_156' title='bbox 553 3163 715 3210; x_wconf 87' lang='lat' dir='ltr'>nem</span> <span class='ocrx_word' id='word_1_157' title='bbox 768 3139 833 3210; x_wconf 85' lang='lat' dir='ltr'>se</span> <span class='ocrx_word' id='word_1_158' title='bbox 884 3139 1251 3210; x_wconf 82' lang='lat' dir='ltr'>infirmaret</span> <span class='ocrx_word' id='word_1_159' title='bbox 1290 3165 1305 3209; x_wconf 92' lang='lat'>:</span> <span class='ocrx_word' id='word_1_160' title='bbox 1363 3135 1603 3234; x_wconf 87' lang='lat' dir='ltr'>itaque</span> <span class='ocrx_word' id='word_1_161' title='bbox 1651 3164 1777 3235; x_wconf 87' lang='lat' dir='ltr'>per</span> <span class='ocrx_word' id='word_1_162' title='bbox 1827 3137 2346 3214; x_wconf 86' lang='lat' dir='ltr'>festinationem</span> <span class='ocrx_word' id='word_1_163' title='bbox 2386 3137 2634 3212; x_wconf 87' lang='lat' dir='ltr'>omnia</span> 
     </span>
     <span class='ocr_line' id='line_1_26' title="bbox 550 3252 2636 3348; baseline 0.001 -23"><span class='ocrx_word' id='word_1_164' title='bbox 550 3252 971 3347; x_wconf 73' lang='lat' dir='ltr'>arripiebat,</span> <span class='ocrx_word' id='word_1_165' title='bbox 1025 3255 1203 3337; x_wconf 72' lang='lat' dir='ltr'>iana,</span> <span class='ocrx_word' id='word_1_166' title='bbox 1252 3269 1608 3348; x_wconf 85' lang='lat' dir='ltr'>corrupta,</span> <span class='ocrx_word' id='word_1_167' title='bbox 1663 3255 1980 3340; x_wconf 88' lang='lat' dir='ltr'>obscura,</span> <span class='ocrx_word' id='word_1_168' title='bbox 2033 3254 2365 3343; x_wconf 88' lang='lat' dir='ltr'>difficilia,</span> <span class='ocrx_word' id='word_1_169' title='bbox 2413 3255 2636 3329; x_wconf 87' lang='lat' dir='ltr'>corri-</span> 
     </span>
     <span class='ocr_line' id='line_1_27' title="bbox 552 3367 2638 3464; baseline 0.003 -26"><span class='ocrx_word' id='word_1_170' title='bbox 552 3393 711 3463; x_wconf 85' lang='lat' dir='ltr'>gere</span> <span class='ocrx_word' id='word_1_171' title='bbox 748 3370 1093 3455; x_wconf 87' lang='lat' dir='ltr'>tentabat,</span> <span class='ocrx_word' id='word_1_172' title='bbox 1138 3368 1488 3453; x_wconf 83' lang='lat' dir='ltr'>mutabat,</span> <span class='ocrx_word' id='word_1_173' title='bbox 1543 3367 2061 3464; x_wconf 83' lang='lat' dir='ltr'>transponebat,</span> <span class='ocrx_word' id='word_1_174' title='bbox 2111 3371 2469 3457; x_wconf 89' lang='lat' dir='ltr'>demebat,</span> <span class='ocrx_word' id='word_1_175' title='bbox 2505 3371 2638 3444; x_wconf 85' lang='lat' dir='ltr'>ad-</span> 
     </span>
     <span class='ocr_line' id='line_1_28' title="bbox 553 3481 2641 3586; baseline 0.004 -35"><span class='ocrx_word' id='word_1_176' title='bbox 553 3483 763 3554; x_wconf 86' lang='lat' dir='ltr'>‹lebat</span> <span class='ocrx_word' id='word_1_177' title='bbox 796 3483 890 3552; x_wconf 70' lang='lat' dir='ltr'>:le</span> <span class='ocrx_word' id='word_1_178' title='bbox 937 3481 1112 3565; x_wconf 78' lang='lat' dir='ltr'>su03</span> <span class='ocrx_word' id='word_1_179' title='bbox 1168 3483 1316 3554; x_wconf 83' lang='lat' dir='ltr'>haec</span> <span class='ocrx_word' id='word_1_180' title='bbox 1368 3481 1440 3552; x_wconf 91' lang='lat' dir='ltr'>in</span> <span class='ocrx_word' id='word_1_181' title='bbox 1491 3485 1728 3556; x_wconf 84' lang='lat' dir='ltr'>charta</span> <span class='ocrx_word' id='word_1_182' title='bbox 1781 3488 2078 3582; x_wconf 85' lang='lat' dir='ltr'>notabat</span> <span class='ocrx_word' id='word_1_183' title='bbox 2129 3503 2200 3562; x_wconf 86' lang='lat' dir='ltr'>et</span> <span class='ocrx_word' id='word_1_184' title='bbox 2251 3488 2326 3561; x_wconf 89' lang='lat' dir='ltr'>in</span> <span class='ocrx_word' id='word_1_185' title='bbox 2371 3487 2641 3586; x_wconf 85' lang='lat' dir='ltr'>vulgus</span> 
     </span>
     <span class='ocr_line' id='line_1_29' title="bbox 554 3599 2643 3704; baseline 0.002 -33"><span class='ocrx_word' id='word_1_186' title='bbox 554 3599 947 3695; x_wconf 83' lang='lat' dir='ltr'>prodebat:</span> <span class='ocrx_word' id='word_1_187' title='bbox 1002 3615 1073 3670; x_wconf 85' lang='lat' dir='ltr'>et</span> <span class='ocrx_word' id='word_1_188' title='bbox 1122 3600 1351 3692; x_wconf 82' lang='lat' dir='ltr'>plane,</span> <span class='ocrx_word' id='word_1_189' title='bbox 1408 3617 1488 3670; x_wconf 88' lang='lat' dir='ltr'>ut</span> <span class='ocrx_word' id='word_1_190' title='bbox 1536 3601 1707 3671; x_wconf 82' lang='lat' dir='ltr'>alter</span> <span class='ocrx_word' id='word_1_191' title='bbox 1756 3602 2242 3676; x_wconf 73' lang='lat' dir='ltr'>Lucilius—in</span> <span class='ocrx_word' id='word_1_192' title='bbox 2275 3603 2430 3676; x_wconf 85' lang='lat' dir='ltr'>hora</span> <span class='ocrx_word' id='word_1_193' title='bbox 2459 3605 2643 3704; x_wconf 84' lang='lat' dir='ltr'>saepe</span> 
     </span>
     <span class='ocr_line' id='line_1_30' title="bbox 554 3715 2638 3815; baseline 0.001 -28"><span class='ocrx_word' id='word_1_194' title='bbox 554 3719 850 3788; x_wconf 73' lang='lat' dir='ltr'>ducentas</span> <span class='ocrx_word' id='word_1_195' title='bbox 896 3715 1191 3788; x_wconf 83' lang='lat' dir='ltr'>faciebat</span> <span class='ocrx_word' id='word_1_196' title='bbox 1244 3715 1706 3788; x_wconf 57' lang='lat' dir='ltr'>correctiones</span> <span class='ocrx_word' id='word_1_197' title='bbox 1735 3720 1920 3808; x_wconf 85' lang='lat' dir='ltr'>stans</span> <span class='ocrx_word' id='word_1_198' title='bbox 1965 3721 2129 3815; x_wconf 85' lang='lat' dir='ltr'>pede</span> <span class='ocrx_word' id='word_1_199' title='bbox 2177 3724 2242 3792; x_wconf 82' lang='lat' dir='ltr'>in</span> <span class='ocrx_word' id='word_1_200' title='bbox 2289 3744 2426 3791; x_wconf 84' lang='lat' dir='ltr'>uno.</span> <span class='ocrx_word' id='word_1_201' title='bbox 2533 3719 2638 3790; x_wconf 85' lang='lat' dir='ltr'>Et</span> 
     </span>
     <span class='ocr_line' id='line_1_31' title="bbox 556 3834 2638 3934; baseline 0 -27"><span class='ocrx_word' id='word_1_202' title='bbox 556 3854 821 3918; x_wconf 80' lang='lat' dir='ltr'>tamen,</span> <span class='ocrx_word' id='word_1_203' title='bbox 876 3834 1033 3904; x_wconf 83' lang='lat' dir='ltr'>Cum</span> <span class='ocrx_word' id='word_1_204' title='bbox 1058 3837 1296 3926; x_wconf 79' lang='lat' dir='ltr'>flueret</span> <span class='ocrx_word' id='word_1_205' title='bbox 1332 3837 1692 3920; x_wconf 74' lang='lat' dir='ltr'>lutulentus,</span> <span class='ocrx_word' id='word_1_206' title='bbox 1743 3853 1886 3906; x_wconf 78' lang='lat' dir='ltr'>erat</span> <span class='ocrx_word' id='word_1_207' title='bbox 1929 3837 2094 3934; x_wconf 87' lang='lat' dir='ltr'>quod</span> <span class='ocrx_word' id='word_1_208' title='bbox 2131 3839 2352 3908; x_wconf 85' lang='lat' dir='ltr'>tollere</span> <span class='ocrx_word' id='word_1_209' title='bbox 2379 3838 2586 3906; x_wconf 86' lang='lat' dir='ltr'>velles</span> <span class='ocrx_word' id='word_1_210' title='bbox 2611 3863 2638 3907; x_wconf 92' lang='grc'>.·</span> 
     </span>
     <span class='ocr_line' id='line_1_32' title="bbox 556 3946 2638 4048; baseline -0 -28"><span class='ocrx_word' id='word_1_211' title='bbox 556 3971 702 4020; x_wconf 86' lang='lat' dir='ltr'>non</span> <span class='ocrx_word' id='word_1_212' title='bbox 737 3949 847 4020; x_wconf 87' lang='lat' dir='ltr'>ille</span> <span class='ocrx_word' id='word_1_213' title='bbox 884 3946 1175 4043; x_wconf 85' lang='lat' dir='ltr'>quidem</span> <span class='ocrx_word' id='word_1_214' title='bbox 1202 3953 1503 4043; x_wconf 78' lang='lat' dir='ltr'>garrulus</span> <span class='ocrx_word' id='word_1_215' title='bbox 1537 3947 1650 4019; x_wconf 80' lang='lat' dir='ltr'>sed</span> <span class='ocrx_word' id='word_1_216' title='bbox 1679 3953 1868 4048; x_wconf 73' lang='lat' dir='ltr'>piger</span> <span class='ocrx_word' id='word_1_217' title='bbox 1893 3951 2222 4048; x_wconf 78' lang='lat' dir='ltr'>scribendi</span> <span class='ocrx_word' id='word_1_218' title='bbox 2227 3951 2422 4044; x_wconf 80' lang='lat' dir='ltr'>serre</span> <span class='ocrx_word' id='word_1_219' title='bbox 2453 3947 2638 4020; x_wconf 85' lang='lat' dir='ltr'><em>labo-</em></span> 
     </span>
     <span class='ocr_line' id='line_1_33' title="bbox 555 4061 2354 4147; baseline 0.002 -17"><span class='ocrx_word' id='word_1_220' title='bbox 555 4087 685 4132; x_wconf 77' lang='lat' dir='ltr'>rem</span> <span class='ocrx_word' id='word_1_221' title='bbox 713 4089 736 4131; x_wconf 80' lang='lat'>.-</span> <span class='ocrx_word' id='word_1_222' title='bbox 794 4061 1123 4131; x_wconf 75' lang='lat' dir='ltr'>scribendi</span> <span class='ocrx_word' id='word_1_223' title='bbox 1152 4065 1315 4130; x_wconf 67' lang='lat' dir='ltr'>rec-‘ie</span> <span class='ocrx_word' id='word_1_224' title='bbox 1342 4088 1364 4130; x_wconf 88' lang='lat'><em>:</em></span> <span class='ocrx_word' id='word_1_225' title='bbox 1418 4087 1560 4132; x_wconf 84' lang='lat' dir='ltr'>nam</span> <span class='ocrx_word' id='word_1_226' title='bbox 1593 4079 1660 4133; x_wconf 81' lang='lat' dir='ltr'>ut</span> <span class='ocrx_word' id='word_1_227' title='bbox 1695 4068 1975 4147; x_wconf 85' lang='lat' dir='ltr'>multum,</span> <span class='ocrx_word' id='word_1_228' title='bbox 2011 4067 2105 4136; x_wconf 79' lang='lat' dir='ltr'>nil</span> <span class='ocrx_word' id='word_1_229' title='bbox 2129 4087 2354 4134; x_wconf 84' lang='lat' dir='ltr'>moror.</span> 
     </span>
    </p>

    <p class='ocr_par' dir='ltr' id='par_1_4' title="bbox 656 4173 2634 4274">
     <span class='ocr_line' id='line_1_34' title="bbox 656 4173 2634 4274; baseline 0.001 -28"><span class='ocrx_word' id='word_1_230' title='bbox 656 4175 791 4246; x_wconf 82' lang='lat' dir='ltr'>Sed</span> <span class='ocrx_word' id='word_1_231' title='bbox 826 4199 1052 4268; x_wconf 83' lang='lat' dir='ltr'>operae</span> <span class='ocrx_word' id='word_1_232' title='bbox 1086 4173 1397 4268; x_wconf 88' lang='lat' dir='ltr'>pretium</span> <span class='ocrx_word' id='word_1_233' title='bbox 1456 4174 1555 4248; x_wconf 89' lang='lat' dir='ltr'>est</span> <span class='ocrx_word' id='word_1_234' title='bbox 1604 4175 2012 4274; x_wconf 82' lang='lat' dir='ltr'>cognoscere</span> <span class='ocrx_word' id='word_1_235' title='bbox 2065 4189 2424 4274; x_wconf 88' lang='lat' dir='ltr'>quantum</span> <span class='ocrx_word' id='word_1_236' title='bbox 2459 4174 2634 4249; x_wconf 88' lang='lat' dir='ltr'>illud</span> 
     </span>
    </p>
   </div>
  </div>
 </body>
</html>
