2842 4784
477 323 699 402 exviii
1054 319 2040 398 PRAEFAT10.·

490 512 643 586 sui:
718 507 927 606 hujus
976 505 1308 582 leitiones
1368 507 1461 578 ab
1517 503 1777 578 Aldina
1825 501 2324 593 dissentientes„
2387 529 2568 604 quas

494 632 976 702 Srnpnmvs
1001 623 1155 720 jam
1188 619 1261 698 in
1298 633 1722 696 contextum
1755 631 2129 716 receperat,
2167 617 2241 692 in
2273 619 2412 694 hoc
2447 623 2571 695 In-

490 741 647 818 dice
700 740 963 816 omifl'ae
1016 738 1229 812 sunt:
1304 736 1440 809 illae
1492 749 1782 810 tantum
1849 725 2023 832 quas
2082 735 2570 810 Summus

495 885 641 934 non
676 870 1049 955 receperat,
1088 867 1600 940 memorantur,
1647 851 1902 927 omiffis
1937 869 2176 930 tamen
2211 869 2281 927 et
2313 857 2578 928 harum

494 973 839 1074 plurimis.
930 970 1386 1071 Bongarstanus
1420 967 1635 1042 habet
1689 968 1800 1042 ille
1851 968 2144 1067 quidem
2179 971 2398 1044 bonas
2433 974 2582 1044 lec-

496 1091 749 1177 tiones,
802 1087 916 1160 sed
968 1082 1474 1159 consentientes
1511 1083 1654 1156 fere
1689 1106 1858 1158 curn
1893 1082 2173 1183 reliquis
2207 1085 2580 1159 codicibus

492 1205 705 1299 hujus
760 1200 1072 1287 Indicis;
1146 1216 1231 1275 ut
1294 1201 1485 1274 nulla
1539 1200 1686 1296 ejus
1733 1199 2018 1300 propria
2065 1225 2146 1275 ac
2203 1201 2580 1298 peculiaris

492 1319 833 1396 censenda
867 1321 947 1392 fit
982 1317 1135 1392 dos.
1238 1315 1393 1390 Nifi
1445 1329 1615 1390 nota
1663 1318 1722 1389 B
1770 1321 2084 1414 appofita
2125 1317 2290 1390 esset
2325 1317 2580 1392 lectio-

496 1435 707 1510 nibus
739 1437 971 1510 multo
1005 1433 1320 1532 plurium
1355 1431 1756 1507 libellorum
1781 1435 2140 1508 Moralium
2159 1459 2380 1531 quam
2409 1435 2584 1508 octo

497 1565 745 1624 eorum
778 1549 903 1649 qui
936 1547 1095 1624 sunt
1132 1548 1205 1622 in
1238 1547 1674 1622 Bibliotheca
1707 1551 2048 1637 Bernenfi,
2101 1547 2178 1622 in
2225 1573 2445 1647 quam
2491 1547 2586 1621 li-

500 1665 609 1740 bri
644 1662 1081 1764 Bongarfiani
1118 1684 1615 1763 pervenerunt,
1663 1664 1965 1740 dicerem
2007 1665 2252 1738 eadem
2285 1665 2420 1738 effe
2451 1691 2588 1740 ex-

496 1781 733 1880 empla
779 1795 851 1854 et
902 1783 1267 1856 Bernenfia
1318 1796 1392 1855 et
1453 1779 1988 1856 Francofurtani
2049 1780 2333 1855 Indicis.
2439 1785 2590 1860 Sed

498 1899 637 1972 hoc
696 1895 1093 1994 cujusmodi
1146 1903 1254 1986 fit,
1324 1900 1687 1998 exquirere
1743 1899 1844 1974 nil
1903 1899 2206 1988 attinet3
2285 1901 2590 2000 quando

498 2015 773 2114 plenior
820 2013 935 2087 ille
980 2030 1054 2088 et
1101 2003 1600 2114 elegantissime
1639 2013 1932 2114 scriptus
1965 2018 2192 2090 codex
2226 2017 2420 2089 haud
2453 2037 2592 2114 pe·

500 2129 759 2205 culiare
792 2129 1303 2204 emendationis
1337 2147 1794 2208 momentum
1825 2129 2095 2208 attulit.

600 2249 671 2317 V
661 2246 1020 2320 ulcobianus
1070 2272 1200 2322 nec
1258 2244 1425 2344 ipse,
1483 2273 1613 2321 nec
1671 2248 1817 2345 ejus
1869 2251 2230 2337 domium,
2291 2248 2590 2326 aliunde

500 2361 681 2436 mihi
745 2389 962 2462 quarn
1022 2389 1112 2436 ex
1165 2363 1295 2436 hac
1349 2363 1686 2439 Editione
1741 2366 2053 2440 innotuit
2071 2347 2100 2440 ἐ
2174 2366 2379 2440 variae
2431 2368 2594 2464 ejus

502 2479 834 2556 lectiones
865 2481 1253 2557 maximam
1284 2497 1562 2579 partem
1605 2509 1776 2558 cum
1811 2482 2254 2580 Jannotianis
2289 2484 2598 2558 consen-

503 2595 725 2684 tiunt,
756 2615 829 2670 et
867 2599 958 2671 ab
994 2595 1236 2671 iisdem
1270 2580 1586 2672 fontibus
1627 2602 1932 2673 manaffe
1983 2598 2341 2674 videntur.
2445 2603 2600 2677 Sed

502 2714 1089 2814 quandoquidem
1147 2713 1694 2788 Turnebianum
1746 2715 2207 2812 Exemplum,
2259 2713 2438 2812 quid
2495 2743 2600 2791 ex

502 2829 866 2905 codicibus
892 2828 1157 2928 quidve
1188 2855 1279 2904 ex
1312 2829 1715 2926 conjectura
1745 2830 2004 2903 habeat
2039 2855 2184 2902 non
2220 2828 2378 2902 satis
2409 2854 2602 2905 con-

504 2947 685 3022 stat:
741 2960 813 3020 at
870 2947 1373 3045 Bongarfianae‚
1438 2944 1926 3036 Vulcobianae‚
1989 2943 2385 3020 Petavianae
2443 2947 2604 3022 lec-

504 3063 727 3138 tiones
788 3065 1129 3160 ejusmodi
1188 3065 1378 3152 sunt,
1439 3081 1526 3140 ut
1596 3064 1873 3162 liquido
1928 3078 2258 3162 appareat
2317 3089 2430 3138 eas
2493 3091 2599 3144 ex

502 3178 857 3252 veteribus
890 3167 1253 3253 codicibus
1288 3179 1553 3253 sumtas
1585 3180 1764 3252 effe:
1820 3207 1910 3253 ex
1959 3179 2184 3254 tribus
2234 3177 2338 3253 his
2389 3179 2601 3256 libris

501 3291 898 3394 plurimum
952 3296 1266 3370 tribuam
1316 3294 1757 3370 auctoritatis
1812 3299 2174 3372 Petaviano
2227 3295 2598 3373 bonarum

504 3405 896 3484 lectionum
948 3411 1173 3508 copia,
1235 3410 1502 3508 quippe
1565 3437 1872 3510 quarum
1927 3415 2136 3513 longe
2192 3409 2602 3490 maximam

505 3537 781 3621 partem
838 3524 1281 3621 optimorum
1326 3525 1660 3602 consensu
1713 3527 2072 3616 codicum,
2133 3527 2394 3627 quibus
2445 3527 2604 3627 ipse

504 3639 776 3736 primus
842 3637 1227 3716 Editorum
1298 3640 1466 3715 usus
1531 3643 1713 3730 sum,
1778 3646 2272 3718 confirmatam
2336 3643 2600 3741 depre-

506 3755 747 3830 hendi.
850 3757 1112 3856 Neque
1172 3783 1338 3832 vero
1397 3761 1599 3856 quod
1653 3759 1726 3834 in
1783 3758 2189 3858 praefatione
2239 3757 2458 3832 libelli
2515 3763 2608 3838 de

514 3877 670 3948 Sera
704 3875 1001 3950 Numinis
1037 3879 1105 3948 V
1096 3879 1337 3950 indiem
1368 3875 1749 3974 suspicatus
1782 3876 1962 3964 sum,
2001 3875 2190 3951 idem
2225 3875 2327 3949 est
2363 3887 2598 3974 atque

512 3993 907 4078 VossianuS,
970 4005 1185 4088 quem
1254 4019 1345 4066 ex
1414 3991 1853 4068 Bibliotheca
1919 3991 2602 4092 Lugduno-Batava

510 4108 753 4182 habui.
856 4107 1029 4186 Fuit
1090 4109 1383 4206 quidem
1439 4123 1740 4210 uterque
1796 4111 2068 4182 Pium
2143 4107 2591 4196 Paravu:

510 4221 628 4296 sed
678 4223 818 4310 hie,
870 4249 1041 4298 cum
1090 4222 1668 4303 Francofurtanis
1721 4222 2135 4300 Editoribus
2173 4219 2598 4297 communi—
