2842 4784
643 324 651 332 '
764 297 1701 391 P'RAEFATIOL
2101 310 2268 386 cxiii

226 493 333 571 ubi
356 495 613 573 vitiosae
648 497 810 572 sunt
844 496 1103 596 priores
1136 494 1503 585 editioneS,
1540 497 1659 571 De
1693 497 1783 590 [f
1781 496 1862 568 de
1893 513 1958 568 et
1993 498 2264 590 ostride,

227 635 284 708 p.
318 616 475 712 383,
530 615 619 699 F,
674 619 961 710 κινέμενον
1007 621 1098 688 δεῖ·
1120 647 1218 701 ως,
1256 615 1456 733 quod
1492 638 1736 687 omnes
1772 611 1929 685 libri
1973 613 2266 702 habent,

224 730 705 816 Srnrnauus,
754 745 837 803 ut
888 729 1225 804 sententia
1273 709 1517 812 saltem
1566 729 1900 826 quaedam
1941 727 2263 817 exstaret,

226 841 489 916 mutavit
538 842 619 916 in
670 849 959 940 κινέμενον
1007 849 1079 925 εἰς
1127 851 1253 918 δεῖς
1310 859 1381 918 at
1435 869 1593 917 vera
1634 843 1844 918 lectio
1895 844 2266 918 obliterata

226 973 343 1030 emt
388 961 681 1057 κινέμενον
736 961 925 1048 λείως,
976 961 1178 1058 quod
1224 960 1441 1034 etiam
1493 963 1767 1034 Rmsx
1787 986 1812 1032 1
1833 985 1920 1034 us
1969 961 2258 1034 viderat.

226 1067 351 1144 Ubi
398 1073 571 1148 sanae
629 1072 795 1148 sunt
848 1074 1111 1172 priores
1162 1075 1531 1163 editiones,
1594 1089 1834 1149 tamen
1891 1074 2266 1174 aliquoties

224 1201 321 1258 aut
352 1192 747 1288 corruptela
776 1210 901 1265 aut
934 1189 1099 1264 falsa
1140 1191 1478 1266 correctio
1533 1191 1824 1266 inducta
1873 1191 2210 1289 reperitur
2240 1223 2255 1265 ε

226 1315 289 1374 ut
316 1304 387 1376 de
415 1307 571 1379 Sera
600 1307 911 1380 Numinis
947 1311 1015 1378 V
1007 1310 1270 1396 indie'ia,
1318 1335 1389 1406 p.
1423 1312 1592 1408 548,
1631 1311 1712 1395 B,
1765 1307 2128 1384 invectum
2161 1309 2262 1383 est

226 1419 301 1491 ὃν
326 1445 445 1516 pro
478 1427 581 1518 ἓᾷν
616 1451 637 1496 :
698 1438 770 1495 et
802 1447 873 1519 p.
905 1426 1073 1522 556,
1110 1429 1205 1510 A,
1238 1429 1442 1504 Οἷνοῧς
1476 1447 1608 1521 pro
1637 1428 1833 1505 Ἰνοῦς.

296 1533 533 1612 Paucae
588 1536 758 1611 sunt
826 1535 1309 1635 Stephanianae
1372 1539 1702 1614 leffiones
1759 1540 1938 1639 quin
1989 1565 2101 1614 eas
2169 1565 2261 1615 ex

226 1647 502 1750 quinque
535 1652 675 1730 illis
708 1655 929 1728 modo
962 1653 1365 1728 memoratis
1400 1653 1718 1730 fontibus
1767 1655 2022 1752 petitas
2053 1656 2260 1730 intel-

223 1761 491 1843 lexerim.
568 1771 927 1868 Exempla
958 1795 1041 1844 ac
1072 1771 1507 1844 documenta
1539 1769 1751 1843 nostri
1771 1767 2050 1864 judicii,
2083 1795 2260 1844 una-

224 1903 483 1980 quaeque
528 1883 681 1958 fere
744 1884 991 1960 nostrae
1046 1885 1401 1961 Editionis
1457 1885 1713 1984 pagina
1761 1883 1844 1956 iis
1890 1883 2016 1981 qui
2060 1887 2265 1981 plura

224 1994 599 2088 defiderent,
648 2001 1017 2099 praebebit.
1122 2003 1319 2075 Nam
1371 1999 1608 2075 sedulo
1659 2021 1946 2096 operam
1981 1998 2144 2084 dedi
2173 2013 2262 2072 ut

230 2135 325 2185 nec
350 2117 675 2203 verbum,
726 2141 857 2190 nec
904 2116 1183 2214 syllaba,
1222 2142 1351 2192 nec
1398 2139 1544 2190 una
1578 2117 1756 2189 adeo
1791 2113 1989 2206 litera
2019 2113 2095 2188 in
2127 2116 2262 2188 hac

226 2226 413 2303 nostia
440 2231 681 2306 Graeci
720 2231 969 2330 Operis
1004 2231 1339 2308 Editione
1374 2232 1909 2329 exprimeretur,
1956 2232 2133 2332 quin
2167 2231 2258 2305 de

226 2335 287 2414 iis
312 2345 470 2421 mihi
506 2346 854 2422 constaret
896 2364 1147 2422 utrum
1196 2373 1237 2422 a
1287 2351 1720 2424 STEPHANO
1773 2345 2056 2446 aliisque
2105 2372 2257 2422 cor-

228 2460 573 2538 meroribus
618 2488 711 2536 an
766 2465 857 2538 ab
902 2463 1213 2563 antiquis
1260 2463 1452 2537 libris
1506 2465 1720 2538 essent
1770 2462 2126 2561 profectae,
2183 2479 2256 2536 et

228 2578 467 2668 qualem
500 2579 801 2654 omnino
832 2595 1316 2679 quantamque
1355 2582 1696 2654 haberent
1729 2581 2251 2654 auctoritatem.

228 2688 669 2771 Srarnanus
728 2699 997 2772 nullam
1048 2696 1391 2771 rationem
1451 2698 1784 2782 ducebat,
1843 2720 1934 2768 ex
1983 2694 2257 2768 librisne

230 2799 453 2904 scriptis
505 2835 597 2884 an
656 2812 1057 2908 conjectura
1112 2827 1426 2886 manaret
1483 2837 1666 2885 nova
1706 2809 1962 2896 lecti03
2039 2811 2259 2884 modo

228 2923 567 3012 probabilis
598 2927 976 3001 videretur.
1083 2927 1325 3001 Veluti
1379 2927 1494 3000 illa
1537 2929 1947 2999 lacunarum
1981 2923 2256 3021 supple-

228 3053 429 3114 menta
460 3041 533 3116 in
570 3045 963 3142 Sympqsiacis
996 3041 1385 3150 maximam
1420 3041 1598 3139 saepe
1631 3041 1895 3113 habent
1927 3038 2256 3114 verisimi-

228 3145 589 3244 litudinem,
644 3157 823 3255 saepe
874 3157 1216 3257 ejusmodi
1262 3157 1448 3244 sunt,
1500 3171 1582 3231 ut
1635 3179 1884 3229 eorum
1931 3157 2089 3231 loco
2127 3157 2258 3232 alia

230 3261 401 3367 longe
432 3273 899 3348 verisimiliora
926 3273 1314 3374 excogitari
1350 3275 1630 3370 poffint.
1720 3272 2010 3372 Quare
1993 3298 2067 3346 1n
2100 3298 2256 3348 eam

232 3373 487 3460 inducor
532 3387 953 3464 sententiam
1007 3407 1092 3464 ut
1147 3390 1428 3466 credam
1476 3387 1592 3461 illa
1638 3386 2166 3490 supplementa
2166 3415 2258 3463 ex

234 3489 473 3595 :ngenio
504 3505 899 3580 Turnum
941 3505 1265 3593 fluxisse,
1318 3504 1690 3602 praesertim
1723 3529 1953 3602 quum
1994 3504 2068 3578 in
2117 3505 2258 3577 istis

230 3607 451 3691 lacunis
492 3620 709 3695 nostri
761 3621 1035 3696 codices
1090 3622 1347 3720 scripti,
1394 3647 1575 3720 quos
1619 3637 1692 3696 et
1740 3626 2138 3720 complures
2185 3637 2256 3694 et

230 3727 517 3830 antiquos
546 3736 1031 3826 adhibuimus„
1065 3738 1529 3812 consentiant.

284 3845 514 3946 ·Igitur
556 3877 833 3942 eorum,
884 3879 1047 3952 quae
1090 3853 1426 3942 diximuS,
1480 3855 1754 3928 summa
1797 3869 1870 3926 et
1905 3853 2260 3926 conclusio

232 3953 514 4039 haec·est:
572 3971 1086 4044 S‘rEPHANuM
1122 3972 1388 4043 multos
1427 3971 1619 4043 locos
1651 3971 1832 4042 bene
1866 3967 2256 4056 correxisse,

232 4079 451 4156 multos
492 4111 855 4184 perperam
911 4089 1235 4175 mutaffe,
1285 4102 1756 4183 utrorumque
1809 4087 2130 4159 locorum
2177 4111 2258 4160 ac

234 4185 499 4274 sontium
546 4200 801 4284 diserta
850 4200 1347 4300 significatione
1403 4201 1801 4278 omittenda
1849 4198 2256 4298 scripturam

320 4335 485 4392 vo1..
526 4343 581 4396 1.
1209 4319 1259 4390 h
