2842 4784
646 299 867 377 xxxiv
1210 300 1273 378 P
1322 301 1391 380 R
1442 293 1656 382 AE‘F
1707 307 1779 381 A
1829 305 1900 381 T
1941 301 1986 384 ‘1
2039 301 2134 384 O.

648 488 959 561 Socrates
1004 486 1127 574 ait,
1182 491 1468 590 αὖτκργοὶ
1503 492 1608 571 τῆς
1643 492 1875 581 σοφίας.
1979 491 2132 567 Sint
2155 487 2296 566 ·alii
2343 485 2718 570 architessfi

646 601 1011 690 doetrinae,
1046 603 1352 678 habeant
1382 603 1540 677 suos
1575 604 1920 700 operarios
1951 621 2023 680 et
2055 607 2349 702 bajulos,
2382 621 2712 683 contem·

650 735 821 794 nant
856 745 983 795 nos
1015 720 1141 818 qui
1174 720 1377 794 nobis
1414 720 1538 818 ipsi
1588 719 1804 815 bajuli
1838 720 2098 808 summ,
2149 724 2448 798 habant
2481 723 2710 800 corni·

651 837 910 928 tatum,
963 855 1267 913 catervas
1316 836 1760 911 laudantium
1817 852 1890 912 et
1949 837 2359 914 mirantium
2407 839 2710 936 speciem

527 1011 537 1017 -
648 955 1081 1041 eruditioniS,
1114 954 1411 1028 volitent
1439 953 1580 1027 vivi
1613 977 1736 1050 per
1769 978 1891 1026 ora
1913 951 2318 1042 hominum,
2337 953 2724 1029 videantur·

648 1067 1435 1167 fibialiisquemultum
1468 1066 1722 1164 sapere,

1052 1221 1061 1230 ·
2001 1185 2237 1252 Horum

902 1290 1132 1376 Semper
1160 1313 1255 1375 ego
1282 1288 1532 1375 optarim
1559 1285 1962 1376 pauperrimus
1987 1289 2088 1377 ff
2111 1291 2391 1354 bonor-nna

746 1429 933 1504 Haec
984 1411 1189 1502 mihi'
1218 1425 1512 1499 dicenda
1561 1423 1898 1520 judicavi,
1953 1427 2042 1499 de
2095 1449 2321 1523 operae
2371 1449 2414 1496 a
2455 1449 2572 1498 me
2631 1421 2718 1496 ἰιτ

650 1540 1031 1620 Plutarcho
1080 1541 1438 1616 collocatae
1495 1539 1708 1613 initiis
1758 1555 1830 1614 et
1884 1541 2256 1640 progrefl‘u,
2325 1543 2528 1615 tardo
2586 1541 2726 1615 in'o

648 1651 965 1754 quidem,
1018 1653 1137 1729 sed
1182 1669 1420 1752 tamen
1473 1653 1828 1752 progrefl‘u
1864 1685 1887 1742 ;
1957 1679 2158 1742 cum‚·
2216 1667 2302 1727 ut
2359 1653 2720 1727 rationem

592 1801 607 1810 ·
650 1765 952 1845 nominis
988 1769 1183 1843 tarde
1216 1767 1423 1841 soluti
1457 1768 1851 1852 redderem:
1891 1781 2077 1856 turn,
2110 1771 2156 1842 fi
2183 1766 2360 1842 forte
2382 1768 2718 1864 juvenes,

648 1887 775 1986 qui
810 1886 1184 1985 aliquando
1218 1883 1411 1959 aliud
1445 1884 1843 1980 hujusmodi
1891 1883 2214 1958 editionis
2263 1909 2442 1981 opus
2475 1885 2717 1986 capes-

588 2025 598 2036 ·
648 2003 895 2090 serent,
954 2027 1041 2076 ex
1072 2001 1266 2075 meis
1318 2000 1664 2074 erroribus
1719 1998 2112 2072 breviorem
2158 1997 2348 2072 viam
2397 1989 2720 2074 invenire

648 2118 945 2212 poss'en't.
1030 2117 1192 2188 Hos
1226 2137 1392 2187 vero
1427 2112 1642 2186 etiarn
1673 2135 1956 2184 monere
1989 2111 2238 2198 debe0,
2273 2127 2355 2184 ut
2391 2111 2716 2210 cogitent

590 2265 599 2270 ·
648 2231 855 2324 quale
884 2233 1385 2326 'quantumque
1421 2251 1598 2300 onus
1623 2223 2013 2322 suscipiant.
2115 2224 2376 2311 Sciant,
2427 2225 2502 2298 in
2531 2251 2718 2300 con-

646 2344 964 2417 ficiundo
1008 2367 1213 2439 opere
1260 2342 1418 2440 ipfis
1465 2367 1608 2416 non
1650 2343 1873 2416 solum
1919 2365 2090 2415 curn
2133 2342 2370 2416 labore
2413 2339 2722 2416 conflic-

650 2461 949 2533 tandum
982 2459 1141 2545 effe,
1182 2457 1296 2532 sed
1328 2457 1542 2532 etiarn
1577 2483 1744 2532 curn
1777 2457 2374 2554 reprehensoribus
2401 2459 2654 2534 laboris
2689 2489 2720 2534 ε

646 2572 976 2648 confecto
1032 2597 1266 2668 opere,
1320 2569 1758 2668 pauciffimos
1809 2569 1996 2660 fore„
2043 2569 2258 2647 etiam
2301 2593 2392 2646 ex
2443 2571 2524 2646 iis
2577 2572 2718 2671 qui

634 2689 949 2788 judicare
980 2685 1249 2784 aliquid
1284 2691 1568 2785 poffint‚
1607 2686 1732 2784 qui
1767 2711 2052 2784 operam
2083 2685 2530 2786 cognoscant,
2579 2713 2718 2787 ag-

650 2807 963 2894 nosoent,
1016 2807 1203 2878 recte
1260 2804 1627 2892 aestiment,
1693 2817 1806 2878 tot
1865 2805 2232 2878 volumina
2285 2807 2546 2904 legant,
2615 2821 2714 2880 ut

648 2923 837 2995 locos
892 2919 1415 3018 deprehendant
1475 2939 1594 2992 eos
1652 2918 1730 2992 in
1785 2918 2048 3017 quibus
2104 2919 2412 3006 maxime
2475 2945 2720 3018 operae

644 3035 953 3147 pretinm
1000 3033 1269 3108 fanum
1302 3033 1446 3109 est:
1499 3033 1840 3130 plurimos
1887 3033 2034 3108 fore
2084 3033 2415 3108 novitatis
2461 3051 2720 3134 capta«
2767 3081 2769 3088 ·

606 3225 613 3230 ,
646 3166 854 3236 ῐοτεε,
900 3148 1028 3247 qui
1081 3147 1155 3220 in
1200 3173 1379 3245 opus
1413 3147 1758 3234 involent,
1805 3147 2048 3222 leviter
2087 3146 2480 3245 inspiciant,
2531 3173 2718 3224 con-
2765 3175 2767 3194 ³

646 3266 853 3344 tinuo
908 3259 1321 3340 sententiam
1370 3263 1445 3338 in
1489 3265 1858 3364 publicum
1899 3267 2232 3364 prodant,
2277 3265 2502 3364 specie
2545 3291 2726 3365 gra--

641 3407 831 3470 vem,
876 3409 948 3456 re
992 3381 1245 3470 levem,
1304 3407 1464 3456 eam
1503 3399 1744 3456 tamen
1787 3407 2011 3480 quam
2051 3384 2308 3482 vulgus
2353 3381 2716 3483 sequatur.
2761 3411 2763 3414 ⁴

642 3496 980 3597 Cogitent
1034 3495 1297 3594 quibus
1352 3490 1744 3571 rationibus
1806 3496 2128 3574 animum
2179 3496 2550 3586 instruant,
2619 3515 2716 3583 ut

640 3627 1009 3690 contemta
1040 3610 1315 3711 vulgari
1339 3611 1656 3710 gloriola,
1687 3611 1834 3686 solo
1867 3611 1934 3686 se
1957 3627 2288 3689 tueantur
2306 3637 2718 3712 paucorum

638 3725 1030 3824 peritorum
1079 3751 1162 3802 ac
1206 3725 1674 3823 prudentium
1719 3723 2034 3806 vitorum
2071 3727 2374 3824 judicio,
2417 3727 2722 3826 ejusque

628 3840 883 3938 judicii
926 3839 1296 3915 minimam
1336 3854 1617 3939 partem
1651 3824 1990 3940 prae⁴sente
2038 3854 2277 3931 aetate,
2323 3842 2753 3941 plurimam⁴

634 3953 1089 4054 sequentibus
1153 3951 1420 4030 saeculis
1483 3953 1826 4032 contineri
1893 3953 2236 4032 statuant«
2333 3955 2718 4054 Cogitent,

636 4093 877 4144 veram
917 4071 1201 4146 laudern
1250 4093 1397 4145 non
1443 4069 1523 4145 in
1561 4069 1756 4144 fama
1799 4083 1900 4146 et*
1919 4070 2253 4148 sermonis
2296 4071 2712 4148 celebritate
2742 4081 2752 4178 ‚¹

568 4231 581 4241 ·
636 4189 937 4289 positam
980 4187 1141 4276 effe,
1178 4187 1309 4266 sed.
1336 4187 1419 4269 in
1455 4185 1696 4273 studui
1749 4187 1882 4289 qui
1921 4213 2023 4268 ex.
2053 4187 2296 4286 npstfo.
2329 4189 2570 4287 labore,
2611 4185 2716 4312 ad
