2842 4784
603 265 872 373 ar·
1177 294 2101 374 PRAEFAT1Q

699 481 946 557 Altera
997 479 1309 554 materiae
1363 506 1520 577 pars
1570 480 1975 555 continetur
2029 477 2244 554 Notis
2301 480 2683 557 contextui
2757 552 2758 565 ,

597 593 952 692 subjectis„
1055 596 1204 669 Hae
1262 597 1354 670 ad
1413 596 2008 671 Emendationem
2072 595 2485 684 referuntur,
2544 624 2685 670 nec

598 708 1266 807 Interpretationem
1315 710 1686 809 attingunt
1721 711 1841 785 nifi
1879 726 2225 811 quatenus
2271 713 2362 785 ad
2412 716 2681 787 Emen-

597 826 960 903 dationem
1005 824 1332 923 pertinet.
1440 826 1669 925 Igitur
1716 827 2072 902 versantur
2120 827 2193 901 in
2246 826 2499 925 triplici
2549 856 2677 927 ge-

597 966 804 1019 nere:
860 942 1117 1040 prim0,
1169 942 1296 1017 ubi
1347 968 1531 1017 nova
1568 943 1775 1018 lectio
1808 944 2191 1042 recipitur:
2248 947 2491 1031 altem,
2540 947 2679 1019 ubi
2759 1011 2760 1039 ἶ

597 1057 1000 1154 conjectura
1031 1057 1496 1157 proponitur:
1554 1058 1791 1145 tertio,
1824 1059 1951 1131 ubi
1986 1058 2207 1133 dubia
2238 1058 2337 1131 est
2368 1060 2687 1158 vulgatae

599 1171 978 1248 auctoritas
1021 1170 1362 1260 lectionis,
1415 1187 1539 1246 aut
1580 1173 1713 1247 alia
1756 1173 1976 1248 fertur
2020 1200 2222 1272 aeque
2268 1174 2677 1271 probabiliS.

599 1278 894 1365 Nova‘m
936 1286 1314 1362 lectionem
1362 1288 1707 1387 nusquam
1766 1287 1991 1388 recepi
2050 1288 2170 1363 nifi
2226 1287 2408 1363 facta
2466 1314 2681 1363 men-

599 1406 796 1481 tione
827 1420 898 1493 e,t
933 1420 1323 1481 memorata
1347 1408 1659 1505 vulgata.
1714 1409 1847 1480 Sed
1875 1408 2181 1505 vulgata,
2218 1430 2437 1503 quam
2462 1432 2687 1493 voce,

600 1522 704 1597 est
761 1521 1248 1619 Stephanianae
1306 1520 1701 1595 Editionis:
1770 1522 1861 1595 ad
1913 1522 2197 1621 ejusque
2252 1536 2681 1595 contextum
2761 1508 2762 1557 ἶ

601 1635 999 1711 referuntur
1051 1634 1298 1709 nostrae
1355 1638 1599 1711 Notae.
1706 1638 1856 1713 Hic
1911 1657 2055 1711 erat
2111 1636 2377 1711 Aldino
2415 1638 2501 1710 ad
2532 1638 2689 1712 hoc

601 1750 972 1849 negotium
1023 1754 1234 1850 longe
1289 1753 1939 1827 accommodatior:
1995 1750 2290 1852 quippe,
2336 1770 2425 1827 ut
2456 1754 2689 1852 magis

601 1870 1018 1941 emendatus
1070 1892 1292 1965 quam
1343 1886 1753 1943 caeterarum
1810 1867 2233 1944 Editionum
2271 1884 2687 1957 contextuS,

603 1982 990 2061 maximam
1041 1984 1564 2083 plurimamque
1616 1987 2100 2060 mutationum
2138 2001 2411 2084 partem
2460 2012 2685 2061 occu·
2763 1982 2764 1989 '

599 2118 892 2203 paverat
925 2126 1306 2201 earumque
1340 2104 1781 2177 notationem
1833 2100 2407 2200 supervacaneam
2440 2102 2685 2175 reddi-

603 2220 824 2291 derat.
930 2216 1259 2304 AldinuS,
1303 2232 1385 2289 ut
1422 2219 1997 2305 mendofiffimus,
2035 2215 2429 2315 postulabat
2462 2216 2687 2291 innu-

601 2332 1052 2409 merabilium
1117 2331 1606 2406 mutationum
1675 2332 2137 2419 notationem,
2222 2358 2380 2431 quae
2441 2346 2691 2409 totam
2765 2406 2766 2411 ,

601 2445 932 2547 paginam
991 2447 1280 2543 repleret
1341 2472 1422 2519 ac
1480 2462 1823 2545 perpetua
1878 2444 2229 2520 variarum
2287 2446 2691 2523 lectionum
2765 2488 2766 2491 ¹

605 2562 830 2661 segete
854 2558 1211 2635 horridam
1243 2576 1312 2636 et
1351 2562 1745 2662 legentibus
1778 2560 2142 2637 molestam
2176 2560 2452 2637 faceret.
2514 2564 2693 2637 Cae-

603 2692 865 2762 terum,
916 2673 992 2751 in
1036 2675 1510 2773 Stephaniano
1556 2690 1901 2751 contextu
1948 2701 2095 2749 non
2146 2676 2372 2751 solum
2406 2680 2701 2755 attendi

603 2796 694 2871 ad
727 2798 915 2871 locos
941 2807 1338 2892 corruptOS,
1375 2795 1491 2868 sed
1520 2820 1635 2869 eos
1670 2794 1881 2867 etiam
1911 2792 2037 2891 qui
2070 2791 2211 2866 sani
2237 2793 2647 2869 viderentur
2662 2830 2697 2883 3

605 2910 1188 3009 quandoquidem
1243 2910 1314 2984 in
1363 2935 1451 2983 eo
1500 2908 1832 3008 permulti
1873 2908 2035 2982 sunt
2087 2906 2223 2981 loci
2260 2908 2349 2981 ad
2382 2906 2703 3005 speciem

603 3024 746 3099 sani
779 3042 850 3101 et
883 3025 1162 3125 integri,
1201 3024 1319 3098 sed
1351 3025 1451 3099 ita
1486 3022 1875 3111 constituti,
1927 3036 2011 3096 ut
2047 3022 2286 3121 potius
2318 3025 2703 3099 STEPHA-

607 3166 705 3213 Νι
747 3140 1186 3239 aliorumque
1222 3141 1722 3225 correctorum,
1775 3164 1994 3236 quam
2030 3138 2414 3225 Plutarchi,
2465 3136 2705 3237 scrip-

606 3270 768 3326 tura
832 3246 1128 3353 legatur.
1235 3252 1675 3349 Hujusmodi
1743 3280 1857 3326 me
1922 3252 2061 3326 loci
2128 3252 2300 3327 nulli
2382 3252 2713 3329 omnino

607 3366 846 3468 fugere
903 3380 1319 3465 potuerunt,
1381 3393 1611 3467 quum
1666 3366 2209 3465 Stephanianam
2266 3366 2713 3447 Editionern

605 3510 780 3561 cum
847 3482 1111 3559 Aldina
1175 3481 1489 3582 aliisque,
1556 3495 1627 3555 et
1692 3508 1858 3557 vero
1922 3480 2245 3581 plurimis
2314 3481 2713 3559 codicibus

606 3601 874 3701 scriptis
932 3598 1378 3674 contulerim.
1486 3602 1745 3699 Neque
1802 3626 1970 3675 vero
2036 3600 2362 3675 minimas
2431 3626 2719 3675 omnes

599 3720 1002 3808 varietates»,
1071 3720 1332 3819 quibus
1388 3721 1497 3793 ab·
1544 3720 1807 3796 Aldina
1857 3722 2122 3795 receflit
2182 3716 2717 3819 Stephaniana,

604 3838 867 3913 notavi.
973 3838 1234 3939 Neque
1287 3838 1499 3913 etiarn
1554 3842 1690 3913 hoc
1742 3839 2003 3912 neceffe
2057 3854 2203 3911 erat
2256 3836 2331 3911 in
2374 3832 2452 3909 iis
2503 3860 2723 3931 quas

603 3952 706 4028 ita
749 3951 1206 4054 probabiliter
1247 3950 1509 4027 fecifl'et
1564 3956 2073 4037 Summus,
2120 3966 2205 4027 ut
2254 3948 2498 4025 melius
2532 3973 2721 4021 cer-

609 4066 890 4168 tiusque
944 4090 1078 4169 ego
1127 4068 1226 4145 nil
1277 4070 1633 4155 haberem,
1694 4092 2007 4166 eumque
2064 4064 2257 4164 sequi
2323 4066 2721 4139 deberem-

612 4184 716 4258 At
767 4183 1012 4261 notavi
1059 4182 1465 4287 insigniores
1512 4208 1783 4272 ornneS,
1837 4199 1909 4258 et
1950 4208 2066 4258 eas
2112 4181 2183 4257 in
2229 4180 2466 4281 primis
2520 4204 2737 4276 quae
