2842 4784
696 287 1665 370 PRAEFAT10.·
2056 287 2238 364 cvii*

176 483 343 562 obiit.
444 483 613 580 Qo
661 478 896 578 magis
934 477 1251 554 nostrum
1300 473 1425 560 est,
1477 471 1636 547 talis
1685 471 2008 570 tantique
2041 471 2199 560 viri,
2229 493 2254 511 ··

182 613 237 678 et
276 597 341 668 in
384 598 516 668 hoc
562 595 995 682 Plutarcheo
1026 590 1256 664 studio
1290 591 1482 687 quafi
1527 586 1889 662 dece'fl‘oris
1921 615 2002 662 ac
2031 591 2202 662 doc-

184 709 317 789 toris
360 708 593 796 nostri,
651 706 1075 787 memoriam
1132 731 1297 790 curn
1358 702 1826 786 benivolentia
1879 718 1952 788 et
2004 720 2206 806 grato

186 824 381 910 animo
408 822 766 932 usurpare.
812 868 819 878 ·

1134 1080 1151 1102 .
1207 1025 1275 1100 8·
1435 1099 1442 1106 ,

620 1155 731 1220 De
764 1151 1043 1240 Stephani
1071 1029 1341 1218 {ditione
1369 1152 1529 1218 Anni
1560 1168 1743 1238 1572·

266 1289 585 1364 Venimus
634 1288 739 1364 ad
786 1286 1329 1383 Stephanianam
1380 1287 1820 1375 Editionem,
1881 1281 2068 1387 quai,
2119 1317 2211 1374 ex

197 1428 309 1500 quo
350 1403 633 1502 prodiit,
701 1399 1247 1483 emendatiffima
1298 1400 1716 1476 Editionurn
1769 1405 2008 1479 habita
2059 1407 2156 1480 est
2185 1442 2211 1495 3

197 1537 261 1592 ut
282 1523 361 1596 ab
388 1546 471 1594 eo
502 1520 681 1597 inde
710 1534 1029 1617 tempore
1072 1533 1145 1592 et
1176 1543 1437 1594 nomen
1467 1523 1772 1619 vu‘lgatae
1803 1535 1876 1596 et
1911 1523 2212 1596 auetori-

196 1652 375 1716 tatem
400 1638 822 1717 obtinuerit.
929 1639 1130 1724 Sane,
1182 1641 1426 1712 multae
1469 1638 1544 1714 in
1585 1653 1667 1713 ea
1698 1637 2014 1736 priorum
2044 1642 2216 1714 Edi-

200 1753 431 1830 tionum
458 1755 885 1852 corruptelae
933 1754 1009 1826 in
1055 1751 1305 1830 merrus
1352 1757 1646 1828 mutatae
1681 1747 1880 1829 sunt(
1939 1747 2106 1830 'Sed
2135 1773 2221 1832 ut

202 1865 259 1941 in
282 1894 643 1967 corporum
694 1868 959 1942 morbis
1006 1867 1280 1942 Medici
1326 1867 1755 1942 sanationem
1787 1884 2043 1942 'vocant
2078 1896 2224 1944 non

204 2003 375 2056 omne
401 1986 725 2059 levamen
768 2007 931 2080 quae
976 1981 1347 2081 aegrotanti
1382 1979 1782 2054 meliuscule
1815 1983 1926 2068 fit,
1977 1981 2094 2054 sed
2141 1980 2224 2058 il-

206 2095 303 2168 lud
326 2122 460 2194 quo
488 2097 747 2172 sanitas
780 2095 1203 2170 restituitur:
1224 2095 1345 2169 -ita
1380 2093 1626 2170 critici
1656 2096 2226 2170 emendationem

210 2211 515 2306 appellant
564 2235 715 2284 non
760 2233 1048 2282 omnem
1081 2207 1554 2284 mutationem
1602 2235 1745 2307 qua
1790 2212 1988 2284 locus
2018 2208 2228 2283 vitio-

214 2323 295 2398 sus
320 2327 557 2402 melior
586 2329 671 2400 fit
706 2350 926 2424 quam
958 2338 1163 2399 antea
1192 2323 1444 2412 fuerat,
1493 2324 1612 2400 sed
1659 2351 1802 2423 qua
1847 2325 1948 2403 ita
1980 2325 2227 2399 melior

212 2441 279 2514 fit
315 2457 391 2516 ut
438 2441 769 2518 AuEtoris
812 2440 1149 2538 scriptura
1190 2438 1506 2514 restituta
1547 2441 1889 2516 videatur.
1995 2438 2228 2539 Atqui

216 2559 361 2644 hanc
390 2562 671 2634 laudem
704 2555 1189 2655 Stephanianae
1222 2556 1514 2632 editioni
1545 2583 1690 2632 non
1721 2557 1895 2633 item
1929 2557 2230 2634 tribuere

218 2677 559 2768 possumus,
662 2676 861 2748 Nam
892 2698 1123 2770 quum
1173 2671 1399 2746 omnis
1429 2671 1953 2747 emendationis-
1963 2673 2232 2769 duplex

222 2791 285 2862 fit
318 2789 483 2879 fons,
527 2805 793 2866 veteres
837 2788 997 2863 libri
1044 2802 1117 2863 et
1165 2788 1590 2885 conjectura,
1634 2814 1716 2862 ac
1751 2793 2230 2864 STEPHANus

221 2919 486 3007 utroque
530 2912 613 2982 fit
662 2906 827 2982 usus
856 2940 883 2996 3
934 2905 1113 3006 quid
1156 2909 1247 2980 ab
1279 2922 1586 3005 utroque
1619 2905 1936 2982 sumtum
1968 2909 2048 2980 fit
2081 2927 2237 2978 raro

226 3039 615 3101 memoratur
648 3062 673 3114 3
758 3025 1185 3099 mutationes
1249 3026 1496 3098 multae
1566 3025 1758 3098 nulla
1832 3020 2086 3095 idonea,
2145 3020 2238 3094 de
2297 3083 2304 3088 .

228 3144 419 3216 cauffa
462 3161 809 3239 receptae3
860 3141 1208 3239 plurimae,
1267 3143 1458 3215 nulla
1507 3140 1582 3215 in
1637 3139 2239 3215 Annotationibus

232 3247 381 3327 faeta
406 3256 809 3330 mentione:
863 3255 1023 3329 libri
1070 3271 1335 3331 veteres
1384 3282 1531 3330 non
1578 3255 1822 3330 diserte
1869 3283 1948 3331 ac
1985 3254 2239 3355 perspi-

234 3391 338 3442 cue
384 3374 469 3446 ad
519 3373 907 3472 legentium
964 3373 1292 3448 notitiam
1344 3374 1707 3474 fignificati
1757 3399 1840 3450 ac
1881 3363 2238 3474 designati,

238 3476 327 3554 sed
362 3484 665 3562 universe
716 3501 787 3559 et
843 3486 1094 3574 obiter,
1150 3489 1197 3560 fi
1251 3489 1560 3586 quande,
1612 3507 1894 3562 veterum
1944 3490 2244 3560 librorum

238 3600 475 3676 nomine
506 3602 765 3690 notati,
813 3615 899 3676 ut
933 3616 1126 3676 totus
1156 3603 1271 3678 hic
1306 3604 1379 3676 in
1412 3603 1878 3700 Stephaniana
1909 3600 2243 3676 Editione

243 3709 364 3788 fons
390 3719 677 3795 dubiam
706 3733 781 3794 et
815 3719 1178 3795 obscuram
1212 3723 1468 3796 habeat
1500 3719 2012 3794 austeritatem.
2113 3716 2250 3789 Sed

243 3828 365 3906 haee
414 3861 553 3933 quo
605 3835 881 3935 plenius
938 3837 1462 3935 accuratiusque
1520 3827 2042 3934 intelligi-tntum
2107 3829 2248 3930 pri-

248 3967 415 4027 mum
460 3954 547 4026 de
599 3969 909 4040 externa,
962 3969 1123 4030 tum
1174 3955 1263 4028 de
1307 3954 1606 4040 interna,
1655 3949 1812 4026 libri
1860 3947 2122 4025 ratione
2167 3969 2250 4028 ac

260 4060 395 4142 dote
420 4067 747 4148 dicamus.

342 4165 581 4270 Prodiit
636 4185 788 4258 haec
851 4181 1069 4260 editio
1122 4186 1454 4272 Genevae,
1509 4208 1696 4258 anno
1761 4209 1788 4258 1
1804 4205 1970 4286 572,
2036 4179 2260 4266 forma.
