2842 4784
742 265 1676 378 PRAEFATIO.
2027 262 2246 336 cxxix

236 481 361 529 nem
390 454 631 528 feciffet
664 453 1155 528 annotationes
1188 453 1280 525 ad
1311 449 1756 549 corrigendos
1777 445 2246 520 illustrandos·-

230 596 339 667 que
382 571 561 643 locos
610 569 923 644 difficiles
972 583 1044 642 et
1088 565 1373 642 vitiosos
1418 577 1884 661 comparatae,
1936 585 2048 634 eas
2086 565 2246 636 Ani-

226 688 663 780 madverstonum
696 688 794 759 ad
840 685 1091 758 Graecos
1122 687 1423 756 AuHores
1459 679 1842 753 Volumine
1879 680 1976 763 ΙΙ,
2031 676 2249 750 Notis

226 801 295 872 ad
322 801 575 898 Lysiam
612 801 1041 896 subjunctaS,
1092 798 1339 872 edidit.
1447 797 1882 872 Plutarcheae
1933 791 2247 866 animad-

228 919 509 988 versiones
560 919 853 1014 explent
906 915 1199 1014 paginas·
1236 917 1422 988 ultra
1471 912 1917 1011 quingentae,
1969 923 2041 981 et
2087 909 2248 982 sunt

226 1053 473 1102 numero
504 1033 877 1128 permultae
902 1063 925 1116 3
977 1030 1267 1128 quippe,
1304 1053 1432 1126 pro
1467 1031 1732 1101 Rmsx
1753 1053 1776 1100 1
1800 1053 1825 1100 1
1873 1025 2248 1100 consuetu-

228 1143 375 1232 dine,
404 1147 699 1250 breviter
732 1163 803 1220 et
837 1148 1053 1220 verbo
1086 1148 1505 1242 plerumque
1542 1145 1968 1242 fignificatae.
2059 1145 2249 1220 Prae-

228 1259 455 1334 lationis
500 1266 661 1336 loco
714 1277 783 1335 et
836 1261 1123 1334 nomine
1161 1259 1621 1357 praemittitur
1651 1258 2252 1357 disputatiuncula

227 1376 291 1446 de
319 1377 577 1475 ingenio
607 1392 683 1451 et
719 1377 981 1474 scriptis
1014 1375 1373 1449 Plutarchi
1427 1389 1642 1472 atque
1693 1376 1782 1448 de
1815 1399 2030 1471 opera
2061 1373 2253 1471 prio-

228 1515 349 1564 rum
392 1492 793 1568 Editorum.
896 1495 1139 1591 Qam
1198 1488 1684 1588 praefationern
1749 1494 1798 1565 fi
1855 1516 2002 1564 non
2051 1491 2253 1565 addi·
2342 1509 2352 1524 “

226 1605 385 1680 diffet
432 1610 879 1694 RmsKmS,
937 1605 1227 1680 minime
1280 1607 1840 1682 desideraremus,
1945 1609 2032 1680 In
2083 1607 2253 1682 Plu·

228 1721 401 1794 tarchi
453 1722 761 1799 lectione
830 1745 1054 1796 novus
1108 1736 1255 1794 erat
1325 1721 1568 1819 hospes
1608 1751 1623 1793 :
1701 1715 2068 1794 Edition‘es
2126 1746 2258 1794 nec

226 1835 477 1910 habebat
508 1863 791 1925 omnes,
842 1863 973 1910 nec
1024 1861 1266 1911 earum
1308 1861 1484 1935 quas
1531 1836 1867 1923 habebat,
1919 1835 2149 1910 fontes
2181 1851 2254 1910 et
2357 1901 2364 1916 .

226 1953 866 2030 auctoritatemsatis
898 1954 1360 2053 intelligebat.
1436 1952 1760 2027 Omnino
1793 1978 1884 2028 ex
1919 1952 2258 2028 omnibus

230 2065 437 2165 ingenii
484 2070 945 2146 facultatibus
988 2068 1369 2165 judicium,
1429 2073 1564 2144 five
1609 2070 1864 2142 datum
1912 2093 1956 2141 a
2004 2082 2260 2142 natura

228 2185 330 2258 five
354 2202 719 2286 negatum,
754 2188 1048 2264 minime
1082 2190 1485 2262 excoluerat
1525 2191 1969 2262 Rarsxrur„
2041 2185 2255 2282 Judi·

228 2298 377 2374 cium
422 2305 585 2378 dico
637 2329 797 2404 eam
838 2303 1251 2376 facultatem
1304 2329 1468 2401 quae
1517 2329 1620 2377 res
1663 2302 1978 2378 confusas
2011 2301 2256 2378 distin-

226 2413 371 2508 guit,
427 2419 605 2516 quid
658 2419 916 2516 cuique
961 2418 1327 2515 proprium
1376 2433 1448 2491 et
1499 2423 1923 2518 consequens
1975 2422 2055 2493 fit
2099 2441 2256 2516 per-

230 2529 385 2624 spicit
419 2551 487 2608 et
522 2561 777 2610 verum
809 2561 850 2607 a
881 2535 1047 2610 falso
1081 2549 1403 2610 accurate
1446 2534 1836 2633 distinguit.
1943 2537 2130 2609 Haec
2183 2533 2258 2606 in

230 2648 560 2726 Rmsruo
626 2649 917 2725 facultas
972 2675 1119 2724 non
1172 2649 1544 2748 apparuit:
1617 2649 1850 2723 minus
1899 2648 2115 2725 etiam
2176 2674 2260 2721 ea

228 2757 505 2855 facultas,
570 2793 717 2866 qua
780 2768 853 2840 id
913 2769 1110 2865 quod
1166 2793 1415 2842 verum
1473 2767 1872 2864 judicafl'et,
1941 2766 2260 2838 oratione

228 2873 555 2972 subtiliter,
591 2882 857 2970 ordine,
890 2881 1269 2980 perspicue,
1304 2882 1710 2978 explicaret.
1814 2879 2061 2955 Sensus
2110 2877 2254 2952 veri

228 2989 283 3064 in
320 2996 675 3074 Rmsxro
723 2999 914 3086 fuit3
969 2998 1322 3097 quidquid
1371 2999 1463 3071 ad
1515 3000 1706 3072 hunc
1761 2996 2030 3069 sensum
2077 2994 2256 3099 acci.-

228 3107 387 3184 deret
418 3128 723 3213 eumque
756 3114 1371 3211 verisimilitudinis
1404 3114 1629 3214 specie
1663 3129 2084 3218 percuteret,
2121 3115 2258 3187 hoc

230 3223 531 3302 continuo
564 3233 938 3328 probabat,
984 3233 1117 3304 hoc
1153 3231 1753 3327 amplectebatur:
1809 3228 2256 3308 sententiam·

232 3359 345 3456 ⁸que
372 3344 413 3412 fi
446 3343 813 3442 scriptione
847 3348 1199 3442 proderet,
1236 3371 1391 3420 eam
1427 3348 1616 3444 quasi
1652 3345 2055 3444 projiciebat
2091 3373 2260 3420 cum

228 3469 491 3546 mpetu,
526 3458 797 3534 duriter
828 3485 909 3532 ac
945 3459 1200 3533 subit0.
1290 3461 1485 3534 Nam
1517 3460 1898 3534 lenioribus
1929 3461 2059 3534 illis
2092 3485 2260 3533 cum

224 3565 459 3658 judicio
498 3576 895 3672 conjunffis
940 3576 1199 3652 mentis
1246 3577 1564 3674 partibus
1615 3578 1849 3654 minus
1899 3577 2261 3660 utebatur,

232 3683 487 3778 ratione,
550 3693 963 3780 subtilitate,
1033 3693 1389 3780 industria,
1457 3693 1847 3768 affiduitate
1889 3721 1906 3763 τ
1996 3690 2264 3785 semper

234 3801 517 3882 aetuosus
555 3835 644 3884 ex
694 3810 833 3885 alio
882 3812 959 3884 in
1001 3811 1192 3886 aliud
1247 3812 1632 3897 involabat,
1684 3810 1991 3905 ejusdem
2035 3804 2263 3902 operis

236 3913 345 3990 diu
390 3925 822 4025 persequendi
874 3928 1262 4002 satietatem
1302 3925 1601 4027 fiigienS,
1653 3925 1992 4000 doctrinae
2027 3922 2264 4021 copias

238 4027 301 4102 'ln
327 4036 673 4115 adversaria
704 4067 1077 4142 congerere
1113 4044 1508 4142 negligebat
1543 4073 1559 4116 :
1617 4042 1857 4140 itaque
1893 4042 2090 4114 nullo
2123 4039 2264 4114 fere

242 4167 538 4240 apparatu
571 4155 943 4236 instructus
976 4158 1065 4231 ad
1100 4161 1448 4233 Auaores
1485 4147 1596 4232 ve]
1647 4158 2119 4234 emendandos
2153 4159 2267 4236 vel

332 4287 583 4346 v02.1.
1212 4273 1242 4347 i
