2842 4784
768 284 832 368 P
880 283 953 366 R
1000 277 1105 366 Ε
1152 284 1213 366 F
1263 280 1336 366 A
1384 277 1459 366 T
1510 287 1542 365 I
1595 285 1692 366 O,
2100 285 2268 367 xcix

253 465 786 574 qnandoquidem
850 475 989 549 hoc
1055 477 1462 573 exemplum
1519 475 1660 572 ipse
1729 475 1821 548 ad
1883 473 2046 550 usus
2107 474 2266 550 suos

247 590 745 662 commodatum
812 588 1087 677 habuit,
1160 591 1411 662 vellem
1480 589 1884 688 diligentius
1947 615 2034 662 eo
2101 590 2266 665 usus

246 707 410 792 efflet,
459 704 783 780 codicum
838 705 929 778 ab
982 709 1339 778 AMYoro
1404 702 1884 778 adhibitorum
1935 703 2262 780 notitiam

248 819 635 915 prodidiffet,
690 820 767 893 in
818 819 987 894 locis
1038 819 1384 918 corruptis
1428 818 1886 896 correctiones
1932 819 2116 895 illius
2161 823 2260 896 se-

247 937 391 1011 dulo
418 937 879 1024 memorafl‘et,
913 959 1041 1011 nec
1076 936 1235 1010 satis
1266 935 1608 1012 habuiffet
1641 937 1789 1034 ejus
1824 937 2262 1012 mentionem

246 1053 329 1126 bis
368 1071 546 1129 terve
596 1053 917 1152 injeciffe.
1021 1057 1404 1141 Caeterum,
1456 1055 1657 1152 quod
1703 1057 2258 1136 V12L01somfs

245 1171 319 1244 ait
350 1171 389 1215 *
420 1178 846 1247 ΑΜῩοτυΜ
882 1197 973 1244 ex
1008 1167 1285 1267 optimo
1316 1169 1585 1258 codice,
1632 1185 1824 1245 nunc
1855 1169 1932 1243 in
1963 1167 2264 1244 Parifina

245 1283 516 1357 Oratorii
548 1286 843 1358 Patrum
875 1282 1305 1358 bibliotheca
1338 1283 1631 1372 servate,
1683 1284 1864 1358 hanc
1915 1288 2258 1382 Interpre-

246 1395 545 1470 tationem
582 1395 989 1471 confecisset
1045 1399 1278 1484 credo,
1318 1399 1468 1471 haec
1501 1396 1645 1496 ipsa
1677 1401 2022 1496 exempla,
2057 1399 2258 1474 Aldi⁴

248 1535 389 1584 num
418 1537 497 1584 ac
523 1509 927 1599 Bafileenst:‚·
952 1533 1081 1586 nec
1110 1510 1530 1608 peculiarem
1553 1513 1872 1588 codicem
1895 1512 2261 1611 scriptum,

244 1625 633 1722 fignificavit.
740 1620 934 1699 Mihi
984 1627 1073 1700 in·
1110 1627 1227 1700 illa
1274 1627 1448 1700 urbe
1479 1617 1765 1726 degenti
1809 1652 1954 1700 non
1988 1629 2262 1703 vacavit

248 1745 543 1818 Annon
605 1745 931 1840 exempla
986 1746 1098 1819 vel
1151 1742 1478 1841 inspicere
1522 1747 1634 1817 vel
1665 1724 2056 1817 'excuteret
2121 1744 2263 1842 pri*

248 1881 409 1932 mum
465 1875 538 1932 et
600 1856 1155 1955 antiquiffimum
1228 1856 1405 1932 mihi
1468 1856 1631 1943 fuit,
1683 1857 2266 1956 praestantiffimos

248 1975 502 2064 codices,
534 2002 579 2050 a
610 1978 891 2050 nemine
921 1979 1157 2052 adhuc
1182 1976 1452 2051 editore
1477 1976 1859 2066 adhibitos,
1894 1991 2218 2052 excutere
2238 2009 2266 2065 3

246 2109 299 2163 et
327 2094 563 2169 orniffis
599 2093 837 2166 rivulis
868 2096 959 2169 ab
1009 2093 1156 2191 ipso
1205 2093 1400 2168 fonte
1433 2094 1735 2168 haurire.
1842 2097 2264 2192 Interpreta-

246 2205 473 2283 tionem
522 2209 817 2307 quidem
869 2209 1107 2307 postea
1161 2234 1331 2284 cum
1386 2213 1642 2286 Graeco
1693 2211 1969 2285 contuli
2027 2236 2260 2307 opere,

244 2345 437 2420 neque
483 2325 557 2397 id
604 2327 743 2398 fine
792 2324 1299 2398 emendationis
1344 2324 1582 2400 fructu
1615 2355 1632 2399 :
1688 2342 1771 2401 ut
1819 2351 1908 2400 ex
1939 2331 2262 2401 Annota·

241 2435 403 2511 tione
429 2453 495 2513 et
530 2436 1273 2515 Animadversionibus
1304 2440 1547 2514 nostris
1579 2439 2036 2541 intelligetur.

1140 2677 1204 2777 ξ.
1260 2681 1331 2757 6.
1589 2767 1592 2772 ,

638 2819 744 2894 De
772 2818 999 2896 Latina
1030 2819 1506 2917 Interpretatione
1533 2823 1815 2919 Cruserit'-

318 2987 417 3071 De
446 3000 575 3074 hac
606 3023 861 3096 pauca,
905 3028 1066 3100 quae
1094 3001 1353 3089 dicam,
1390 3001 1640 3074 habeo.
1727 3001 2261 3088 HERMANNus
2385 3047 2388 3050 ·

238 3215 273 3245 “
292 3212 449 3277 furem
472 3219 735 3300 apportes
759 3221 873 3278 l'un
900 3230 955 3278 et
976 3221 1167 3279 l'autre
1191 3222 1261 3279 de
1286 3221 1488 3280 Melun
1513 3240 1616 3298 par
1634 3223 1872 3280 Pinna
1893 3219 2264 3290 RRONAULT,

239 3313 273 3341 “
292 3311 559 3375 procureur
594 3319 675 3376 du
716 3317 829 3376 Roi
872 3301 945 3374 aii
988 3319 1123 3394 fiege
1150 3307 1407 3376 Prefidia'l
1439 3318 1507 3375 de
1541 3311 1683 3376 cette
1721 3316 1870 3386 ville,
1905 3321 2005 3395 qui
2029 3317 2262 3388 declax-e,

238 3406 273 3436 ‘⁸
287 3411 425 3484 qu'ils
471 3415 895 3493 appartenoient
942 3411 977 3473 ὲ
1024 3413 1235 3492 Meffi‘re
1280 3415 1512 3496 Jacques
1555 3419 1756 3492 Amyot,
1798 3410 1996 3475 vivant
2052 3415 2263 3493 Evk'que

238 3505 271 3534 “
288 3503 543 3570 &Amen-c
568 3525 621 3570 ct
637 3509 823 3590 grand
844 3513 1116 3570 Aumonier
1141 3511 1203 3570 de
1230 3511 1440 3572 France.
1501 3511 1583 3570 Le
1605 3513 1850 3572 Volume
1887 3513 1982 3572 des
2016 3512 2262 3571 oeuvres

239 3601 271 3628 ‘⁴
294 3599 494 3665 Mmalei
518 3609 769 3666 contient
802 3628 881 3666 un
922 3609 1049 3685 plus
1089 3597 1266 3684 grand
1308 3611 1542 3668 nombre
1571 3611 1640 3668 de
1667 3621 1823 3668 notes
1852 3629 1960 3686 que
1999 3610 2142 3666 celui
2168 3609 2261 3666 des

240 3695 273 3724 “
298 3693 395 3756 Vm
414 3727 432 3758 :
468 3715 525 3762 et
552 3703 617 3782 je
652 3705 773 3762 dois
805 3705 923 3762 dire
958 3704 1031 3780 ici
1066 3701 1099 3764 ὲ
1132 3705 1189 3764 la
1222 3703 1458 3783 louange
1481 3707 1791 3777 d'Amror,
1831 3724 1942 3784 que
1975 3705 2050 3761 les
2077 3705 2261 3784 legons

240 3791 491 3857 “diverses
522 3802 600 3859 du
632 3809 785 3859 texte
810 3802 877 3859 de
912 3801 1229 3880 Plutarque,
1270 3803 1407 3880 qu’il
1448 3822 1488 3864 a.
1523 3801 1862 3862 raffemblees
1890 3819 2020 3858 avec
2048 3810 2168 3858 tant
2192 3801 2262 3856 de

240 3890 269 3916 “
292 3885 403 3960 sein,
428 3892 547 3953 sont
570 3915 681 3954 une
709 3914 913 3974 preuve
932 3897 1001 3954 de
1026 3896 1105 3956 ses
1126 3900 1362 3976 grandes
1388 3897 1790 3957 oonnoiffances
1813 3898 1951 3955 dans
1977 3897 2033 3955 la
2057 3897 2260 3974 langue

242 3985 271 4010 “
290 3982 618 4067 Stetque—’⁹
658 3993 765 4053 Sed
790 3993 859 4050 de
880 3993 981 4052 hoc
1006 3994 1278 4070 postremo
1303 3995 1423 4054 loco
1446 3994 1869 4056 anmicus
1888 3995 2088 4052 certius
2109 3993 2260 4068 judi-

242 4092 339 4137 mre
360 4095 581 4159 poterat.

306 4179 338 4216 ¹·
374 4181 738 4266 Prolegomen.
768 4187 839 4246 ad
867 4187 1047 4267 Longi
1076 4188 1383 4259 Pastor-alia,
1411 4207 1470 4264 p.
1501 4200 1594 4264 73.

1173 4310 1297 4380 g2
