2842 4784
829 246 1765 353 PRAEFATI'o.
2156 270 2343 351 cxvii

267 464 397 537 Du.
426 463 668 553 Joamzi
704 464 1000 537 Vulcobio
1048 468 1112 535 in
1164 466 1354 537 Sacro
1407 464 1757 555 Corfistorio
1796 464 1995 562 Regis
2032 460 2335 553 Chrgstia·

257 580 464 669 ruffiaci
489 581 866 674 Confiliarto
899 596 962 651 et
992 580 1172 674 apud
1221 578 1521 675 Caesarem
1571 580 1883 677 Exlegato
1918 580 1987 650 S.
2014 578 2117 651 D.
2174 580 2339 650 Plu·-

253 694 530 769 carebam
581 696 716 767 tibi
760 720 900 767 cum
944 692 1347 790 inscribimus,
1407 696 1527 765 Vir
1570 694 1967 789 Ampliffime,
2016 712 2191 767 tuum
2220 692 2345 765 tibi

253 813 590 885 reddamus.
717 810 1052 909 Quidquid
1093 814 1252 884 enim
1304 812 1384 901 est
1435 810 1635 901 nostra
1684 814 1746 883 in
1794 811 2059 883 editione
2102 796 2333 905 praeci·

243 945 447 1021 pam,
505 947 699 999 tuam
729 926 814 999 id
852 928 956 1017 cst.
1060 925 1316 999 Codices
1361 942 1433 997 tu
1467 926 1661 1013 nobis,
1696 927 1790 999 ad
1832 944 2081 999 veteres
2114 952 2333 999 manu·

246 1042 492 1139 scriptos
525 1040 1002 1139 diligentiffime
1029 1058 1413 1135 comparatos
1464 1046 1636 1117 ulzra
1680 1040 1947 1134 obtulisti
1982 1057 2121 1113 tuos
2144 1072 2191 1126 3.
2215 1044 2334 1113 im-

241 1159 498 1253 petrffli
545 1160 796 1229 alienos
827 1184 852 1229 .·
904 1172 1117 1251 nempe
1146 1180 1190 1227 a
1237 1156 1338 1228 Cl.
1375 1158 1523 1228 viro
1574 1156 1851 1229 Lodoico
1900 1158 2163 1228 Servino
2192 1156 2342 1255 fisci

247 1278 394 1373 regii
435 1278 512 1347 in
539 1276 798 1372 senatu
847 1271 1188 1357 advocato,
1239 1275 1378 1345 viro
1429 1292 1494 1345 et
1542 1276 1743 1345 literis
1776 1290 1838 1344 et
1876 1274 2063 1369 Reip.
2106 1300 2149 1345 a
2188 1272 2337 1343 Deo

247 1390 390 1461 dato
409 1418 442 1460 .-
499 1386 596 1459 ab
636 1386 957 1482 Stephano
993 1382 1274 1458 Turnebo
1286 1387 1625 1485 senatore;
1658 1388 1742 1459 ab
1772 1388 2015 1478 Joanne
2050 1390 2339 1462 Pelerino

249 1502 606 1601 Prqfffre
653 1504 828 1599 regio
849 1529 876 1571 .·
927 1526 1180 1601 quorum
1221 1508 1439 1601 magni
1478 1508 1693 1577 merito
1739 1502 2033 1591 Turnebi,
2082 1510 2190 1577 ille
2227 1532 2335 1579 no·

249 1646 400 1705 aen,
410 1618 616 1711 filius
645 1648 672 1702 3
724 1616 828 1719 bic
858 1616 1250 1705 cathedram,
1281 1618 1659 1714 profefflonis
1668 1619 1988 1716 successor,
2012 1618 2334 1713 poffldent.

247 1734 532 1807 Contuli}
579 1733 844 1805 interim
883 1747 948 1802 et
991 1730 1142 1820 Jac.
1179 1733 1579 1831 Bongatfius,
1630 1734 2123 1831 elegantiffi'mum
2153 1758 2339 1807 manu

247 1866 586 1921 exa-atum
641 1850 963 1943 exemplar
1011 1846 1186 1919 bonae
1225 1854 1433 1944 partis
1465 1846 1906 1944 opusculorum,
1960 1872 2093 1943 quae
2127 1848 2343 1921 dicunt

249 1964 588 2048 Moralia,
623 1962 716 2033 ab
747 1962 1122 2057 Ampliffimo
1159 1964 1334 2049 Viro,
1370 1967 1539 2061 regio
1570 1966 1717 2035 item
1733 1964 2051 2060 senatore,
2090 1962 2179 2033 P.
2212 1964 2341 2035 Pe·

251 2082 454 2165 tavio,
511 2094 582 2149 et
648 2076 952 2150 Aldimcm
983 2078 1196 2174 suum,
1257 2079 1427 2175 cujus
1476 2080 1541 2149 in
1588 2102 1701 2151 ora
1738 2078 1950 2151 variae
1989 2101 2067 2149 ex
2118 2076 2337 2149 MSS.

252 2198 572 2271 leffioues,

345 2310 554 2385 Haec
615 2308 714 2381 ab
769 2306 926 2405 ipfis
973 2308 1385 2384 Editoribus
1437 2313 1771 2408 expolita,
1828 2309 2223 2405 cujusmodi
2271 2334 2347 2383 re

255 2424 394 2521 ipsit
449 2440 528 2497 et
573 2422 782 2497 safico
825 2426 956 2497 fint
1001 2423 1158 2498 satis
1206 2424 1539 2522 equidem
1589 2424 1983 2523 cognoviffe
2030 2424 2208 2501 mihi
2238 2424 2342 2497 vi·

257 2542 428 2617 deor
455 2538 602 2614 usu
633 2564 722 2611 ac
757 2538 1168 2614 traaatione
1189 2538 1615 2615 Editionum
1636 2539 2111 2636 codicumque
2136 2537 2345 2637 scrip-

261 2669 506 2731 torum
539 2653 940 2730 Plutarchi.

353 2770 605 2869 Igitur
653 2766 754 2843 illi
802 2767 964 2842 libri
1011 2770 1177 2843 Ald.
1223 2770 1370 2845 Bas.
1421 2774 1520 2847 T.
1546 2775 1637 2845 V.
1670 2774 1752 2849 B.
1784 2773 1867 2849 P.
1914 2769 2149 2848 eollati
2190 2771 2349 2845 sunt

269 2910 408 2959 non
443 2885 540 2959 ad
577 2884 996 2983 exemplum
1029 2886 1614 2981 Stephanianum,
1654 2885 1769 2960 sed
1800 2887 1892 2961 ad
1926 2888 2107 2961 hanc
2132 2882 2351 2983 ipfitrn

269 2998 931 3079 ancofurtanam.
1037 3002 1212 3079 Hoc
1268 3015 1338 3075 et
1395 3000 1519 3099 ipfi
1571 3000 1819 3079 dicunt
1878 3000 2229 3088 EditoreS,
2280 3017 2353 3077 et

271 3130 566 3214 apparet
623 3113 872 3189 multis
929 3140 1020 3189 ex
1079 3114 1273 3191 locis,
1379 3116 1608 3191 Variae
1675 3116 2005 3200 ledkiones
2070 3118 2355 3193 illorum

273 3230 626 3307 librorum
677 3254 1022 3329 perquam
1073 3228 1234 3307 sunt
1285 3231 1613 3313 mendose
1665 3234 1995 3329 exprefl‘ae
2025 3232 2101 3307 in
2136 3234 2354 3307 Fran·

277 3344 656 3421 cofimano
691 3346 830 3419 hoc
865 3344 1152 3421 Indice:
1207 3344 1539 3425 leffiones
1570 3348 1894 3443 plurimae
1928 3373 2171 3447 eaeque
2201 3372 2356 3447 gra·

273 3457 486 3535 vioris
521 3457 910 3547 momenti,
958 3458 1243 3543 omifl'ae.
1347 3463 1765 3560 Utrumque
1813 3462 2129 3539 intellexi
2159 3486 2356 3537 com-

271 3579 643 3675 paratione
711 3577 1056 3655 librorum
1125 3606 1397 3668 eorum,
1485 3608 1793 3679 quorum
1879 3579 2055 3657 mihi
2122 3578 2359 3654 ade-'rat

273 3696 498 3792 copia,
565 3697 823 3785 Alde‘ni,
885 3698 1269 3791 Bqfileetfis,
1326 3694 1728 3772 Turnebiani.
1834 3693 2099 3770 Multis
2141 3694 2359 3767 etiarn

273 3812 448 3887 locis
501 3814 752 3892 omifl‘a
809 3812 912 3887 est
945 3830 1136 3895 nota
1191 3810 1351 3887 libri
1401 3840 1440 3886 e
1500 3828 1649 3911 quo
1700 3810 1909 3887 leffio
1962 3809 2185 3909 petita
2234 3808 2360 3883 est.

281 3930 644 4025 Bqfileeffis
671 3930 857 4005 liber
892 3928 994 4003 elst
1023 3927 1244 4003 editio
1279 3928 1443 4002 anni
1502 3954 1529 4003 1
1544 3954 1685 4026 542
1716 3960 1740 4014 ς,
1794 3950 1958 4001 nam
1988 3922 2367 3999 secundam

281 4042 758 4133 Bafileensem‚
807 4044 888 4119 id
917 4043 1048 4131 est,
1098 4044 1575 4140 Xylandream
1607 4040 1771 4115 anni
1815 4066 2003 4139 1574·
2034 4036 2366 4137 ignorasse

285 4156 607 4265 videntur
639 4160 1006 4241 Editores.
1109 4160 1224 4237 De
1275 4156 1665 4231 Turnebiano
1700 4154 1877 4227 libro
1912 4150 2113 4249 supra
2139 4174 2368 4248 expo·
