2842 4784
710 301 1636 384 PRAEFATIO.
1945 303 2226 388 cxxxix

71 519 73 544 =
204 485 421 564 dorum
474 483 1138 590 typographicoru‘m
1189 518 1228 565 e
1284 487 1836 568 Graeco-Latina
1889 496 2225 592 repetito·

203 630 357 680 rum.
446 611 632 708 Ergo
686 609 1155 706 expurgandis
1210 608 1353 681 istis
1403 609 1678 682 mendis
1727 635 1816 684 ex
1871 612 2229 686 Moralium

71 723 74 802 ἓ
203 727 507 821 exempIO,
558 727 763 797 fimul
814 724 1460 798 animadvertebam
1513 728 1706 798 locos
1757 725 1884 799 ubi
1933 729 2226 802 Graeco-

202 839 422 913 Latina
450 855 707 913 temere
740 867 780 913 a
814 839 1281 937 Stephaniana
1309 844 1690 916 receffifl'et.
1787 841 1950 936 Jam
1986 862 2228 915 exem—

202 957 371 1052 plum
426 955 519 1028 ita
582 971 1059 1052 praeparatum
1114 954 1387 1052 perrexi
1448 955 1778 1029 instruere
1835 979 1939 1042 ea,
2003 981 2228 1054 quam

203 1070 347 1156 dixi,
396 1071 652 1144 ratione
682 1106 705 1159 3
760 1087 842 1145 ut
877 1071 1149 1144 referret
1189 1076 1377 1170 quafi
1414 1097 1667 1169 corpus
1703 1070 2077 1156 Aldinum‚
2120 1071 2230 1145 id·

204 1211 315 1282 que
338 1187 725 1284 suppletum
759 1204 827 1259 et
864 1188 1325 1259 emendatum
1370 1186 1776 1260 melioribus
1810 1185 2229 1262 lestionibus

204 1301 495 1376 librorum
529 1328 698 1375 cum
730 1301 1088 1375 editorum
1125 1318 1284 1374 tum
1324 1327 1491 1374 vero
1541 1301 1614 1375 in
1664 1302 1907 1399 primis
1937 1301 2224 1400 scripto·

206 1443 354 1492 rum.
430 1419 774 1493 Ordinem
808 1417 1149 1491 librorum
1180 1417 1734 1514 Stephanianurn
1765 1416 2048 1505 servavi,
2081 1441 2228 1492 non

208 1551 273 1606 ut
302 1537 548 1609 bonum
584 1537 699 1608 sed
732 1549 815 1609 ut
855 1534 1122 1608 Aldino
1163 1535 1353 1607 haud
1402 1535 1819 1608 deteriorem
1871 1549 1942 1607 et
1989 1557 2228 1609 exem·-

212 1652 442 1744 plorum
472 1651 869 1749 frequentia
899 1677 981 1724 ac
1018 1650 1352 1747 temporis
1384 1649 1854 1750 diuturnitate
1879 1651 1968 1722 ad
1994 1652 2228 1750 legen·

212 1761 357 1838 tium
386 1764 585 1838 usum
622 1766 1244 1839 accommodatum
1278 1780 1348 1838 et
1384 1765 1995 1838 commendatum.
2089 1768 2152 1840 F
2154 1793 2230 1838 a·

212 1879 310 1953 cile
338 1882 478 1956 sane
513 1896 658 1956 erat
708 1906 977 1956 novum
1032 1882 1359 1955 inducere
1408 1880 1730 1953 ordinem
1776 1877 1994 1978 magis
2023 1905 2234 1953 exac—

216 2011 339 2070 tum
383 2001 485 2073 vel
530 2001 623 2072 ad
676 1997 1009 2096 temporis
1064 2001 1170 2071 vel
1216 1993 1618 2095 argumenti
1671 1992 2059 2068 rationem:
2117 1991 2232 2068 sed

212 2116 475 2208 praestare
508 2114 901 2189 existimavi
935 2139 1105 2188 eum
1139 2112 1273 2187 alio
1305 2115 1466 2187 loco
1490 2111 1928 2210 peculiariter
1961 2128 2230 2200 notare,

213 2253 385 2324 quam
415 2259 583 2307 curn
612 2229 1003 2329 legentium
1038 2224 1353 2302 molestia
1393 2223 1693 2324 recipere
1728 2242 1942 2326 atque
1973 2225 2232 2301 consti·

215 2361 385 2421 tuere.
484 2348 756 2422 Eadem
791 2347 1024 2420 cauffa
1056 2343 1235 2418 mihi
1282 2342 1446 2430 fuit,
1500 2358 1583 2417 ut
1632 2343 2229 2430 Graeco-Latinae,

212 2462 429 2560 qnippe
472 2463 709 2536 adhuc
755 2487 797 2532 a
842 2459 1069 2533 doetis
1117 2457 1526 2534 horninibus
1577 2473 1647 2552 eg
1705 2484 1894 2534 nunc
1936 2485 1978 2531 a
2008 2485 2122 2532 me
2155 2457 2232 2532 in

217 2577 551 2652 excitandis
587 2574 1187 2676 fignificandisque
1220 2574 1648 2649 Plutarcheis
1691 2575 1863 2649 locis
1901 2573 2229 2674 frequen-

216 2705 365 2782 tatae,
416 2692 702 2793 paginas
744 2717 1129 2789 earumque
1172 2707 1428 2789 partes,
1473 2683 1756 2785 adjeffis
1800 2690 1874 2762 in
1919 2689 2234 2788 margine

212 2805 513 2882 Editionis
570 2806 817 2882 nostrae
870 2805 1189 2880 interiore
1244 2804 1549 2879 numeris
1600 2819 1670 2878 et
1720 2803 1930 2877 literis
1977 2804 2233 2902 fignifi-
2324 2841 2334 2852 ·

214 2945 421 2999 carem.
538 2923 729 2997 Illud
786 2947 951 2996 vero
1010 2920 1225 2994 etiarn
1284 2921 1374 2992 ad
1439 2917 1845 2992 facilitatem
1909 2933 1980 2990 et
2043 2917 2233 3017 quafi
2269 2944 2278 2950 ·

214 3036 645 3112 levamentum
677 3036 992 3112 Ιεᾶὶοῐιὶε
1023 3038 1234 3122 valet,
1292 3035 1492 3133 quod
1526 3033 1736 3111 libros
1773 3057 1942 3118 non,
1994 3049 2077 3107 ut
2111 3059 2234 3108 an·-

216 3163 304 3224 tea
338 3153 399 3227 in
446 3153 711 3230 Graecis
746 3151 1081 3249 exemplis
1116 3166 1341 3238 erant,
1390 3175 1536 3224 una
1581 3147 1746 3221 serie
1793 3148 2236 3225 continuavi·

218 3292 364 3355 mus,
392 3269 503 3346 sed
533 3271 609 3344 in
640 3268 974 3344 seetiones
1004 3267 1473 3343 distinximus,
1579 3269 1748 3366 Qa
1795 3265 1870 3338 in
1903 3292 1972 3339 re
2005 3293 2236 3366 quum
2326 3251 2342 3267 ’

220 3389 441 3477 pofl‘em
474 3390 829 3460 Verfiones
864 3387 973 3459 vel
999 3385 1454 3460 XYLANDRI
1495 3385 1603 3456 vel
1637 3387 1982 3456 AMYor1
2017 3382 2236 3480 sequi,

222 3523 420 3576 meum
452 3523 685 3578 tamen
718 3500 857 3599 ipse
874 3498 1226 3596 judicium
1258 3498 1450 3596 sequi
1479 3497 1716 3572 malui.
1773 3499 1858 3573 In
1887 3499 2237 3572 nonnullis

222 3609 407 3708 ipsum
450 3631 951 3717 argumentum
1002 3615 1261 3688 rectam
1310 3611 1878 3687 distributionem
1923 3611 2240 3684 ostende·

226 3729 346 3816 bat,
372 3734 608 3822 veluti,
644 3749 727 3808 ut
762 3735 899 3806 hoc
932 3745 1116 3817 utar,
1153 3729 1225 3802 in
1260 3727 1389 3800 illis
1425 3729 1708 3802 duobus
1744 3731 1824 3801 de
1855 3730 2238 3824 Repugnan·

226 3849 327 3932 tiis,
372 3863 431 3922 et
478 3853 557 3924 de
608 3849 898 3934 Notitiis,
949 3847 1253 3944 adversus
1290 3849 1549 3931 Stoicos,
1601 3859 1672 3916 et
1718 3841 1862 3914 aliis
1895 3841 2238 3936 pluribus.

228 3957 289 4030 In
316 3961 577 4039 duobus
610 3965 915 4063 denique
950 3961 1257 4037 maxime
1291 3957 1750 4058 frequentatis
1783 3959 1862 4031 de
1895 3961 2240 4032 Puerorum

230 4075 573 4154 Educatione
600 4097 672 4156 et
706 4083 789 4156 de
814 4084 1091 4182 legendis
1125 4082 1362 4167 Poetis,
1390 4080 1886 4183 pervulgatam
1917 4076 2241 4176 partitio·
2293 4108 2302 4124 ·

232 4211 361 4266 nem
392 4197 655 4274 retinui.
