2842 4784
714 293 1644 386 pRAEFATIO.
1975 295 2224 374 cxxvii

202 489 653 568 siminus,
686 481 997 570 Fiam,
1022 478 1530 569 Gnssmmus,
1561 481 2012 572 VALssrus,
2039 485 2222 560 Mn·

206 625 503 685 Hiems,
542 600 1110 672 Buuminvs.
1212 597 1375 682 Sed,
1416 598 1615 694 quod
1650 597 1946 696 quidem
1979 598 2220 690 sciam,

206 743 305 790 nec
335 741 497 812 opus
530 712 821 811 aliquod
866 735 1117 786 eorum
1166 711 1257 786 de
1306 713 1444 786 hoc
1493 727 1910 810 argumento
1941 714 2220 790 editum

204 831 301 920 est,
344 855 458 904 nec
503 828 777 904 mentio
824 828 913 901 de
964 843 1177 926 capto
1210 827 1440 924 operis
1471 828 1756 902 consilio
1785 829 2068 926 prodita
2096 855 2220 906 ex·

203 943 325 1020 stat.
418 949 607 1020 Nam
666 948 1072 1020 SALMAsn
1134 943 1658 1018 emendationes
1719 971 1866 1020 non
1921 972 2005 1020 ea
2061 945 2220 1022 sunt

208 1060 637 1147 multitudine,
672 1075 756 1134 ut
792 1059 1215 1157 suspicemur
1244 1087 1413 1135 eum
1441 1062 1528 1134 de
1551 1061 2063 1136 commentario
2093 1079 2222 1138 aut

206 1176 463 1250 editione
508 1175 863 1275 cogitasse.
969 1177 1405 1274 Exemplum
1457 1177 2012 1274 Stephanianum
2061 1181 2227 1254 Mo-

204 1297 383 1366 ralium
426 1309 495 1366 et
546 1296 863 1382 Vismm,
910 1291 1029 1366 cui
1078 1291 1199 1366 sua
1248 1291 1385 1389 ipse
1437 1317 1656 1366 manu
1701 1293 1826 1366 has
1870 1291 2224 1391 adscripfit

206 1405 701 1496 emendationes,
762 1410 855 1481 ad
906 1435 1023 1484 me
1069 1409 1386 1506 pervenit
1437 1435 1532 1484 ex
1582 1409 1910 1485 auctione
1961 1409 2222 1484 Biblio-

208 1524 377 1598 thecae
413 1523 911 1598 Gronovianae.
988 1528 1361 1600 Emi-:xum
1405 1527 1712 1599 Btoon
1736 1551 1763 1599 1
1803 1541 2224 1623 apparatum

208 1666 363 1716 novae
380 1641 701 1716 editionis
728 1667 817 1716 ex
846 1641 1113 1740 scriptis
1144 1641 1399 1718 Italicis
1427 1641 1790 1716 codicibus
1815 1645 2224 1732 colleetum,

206 1755 399 1834 servari
430 1757 504 1832 in
536 1757 725 1856 regia
754 1758 1103 1834 Parifienfi
1154 1757 1615 1844 Bibliotheca,
1665 1757 2068 1833 audiveram
2097 1760 2224 1834 ali-

208 1876 443 1970 quando
472 1873 703 1950 nescio
736 1900 885 1973 quo
916 1874 1225 1948 auctore.
1279 1875 1509 1948 Hunc
1533 1887 1954 1970 apparatum
1981 1872 2230 1948 frustra

208 1991 460 2086 quaefivi.
564 1990 1079 2066 Collectionem
1118 1989 1562 2090 Bigotianam
1597 2015 1758 2088 quae
1791 1987 2038 2064 multis
2068 2013 2228 2086 par-

209 2107 345 2182 vulis
373 2137 587 2186 manu
616 2109 879 2209 scriptis
910 2109 1159 2186 libellis
1192 2109 1626 2197 continetur,
1677 2108 1754 2182 in
1803 2108 1922 2182 illa
1962 2107 2227 2185 Biblio-

210 2225 367 2300 theca
412 2229 663 2302 nactus
722 2225 921 2300 sum:
1002 2226 1164 2300 sunt
1218 2225 1293 2301 in
1350 2252 1436 2300 ea
1491 2224 1701 2300 variae
1755 2223 2084 2298 lectiones
2137 2251 2228 2298 ex
2279 2285 2286 2292 .

211 2340 419 2418 Italicis
440 2341 806 2446 codicibus
838 2356 1213 2440 excerptae,
1261 2340 1562 2418 aliorum
1613 2340 1904 2441 quidem
1951 2342 2228 2417 Aucto-
2331 2429 2338 2450 ,

210 2479 331 2530 rum
374 2459 552 2532 bene
616 2459 891 2545 multae,
945 2456 1307 2534 Plutarchi
1366 2459 1600 2532 nullae.
1707 2455 2038 2533 Instituta
2101 2454 2230 2542 est,

210 2567 487 2646 B1cor11
524 2586 875 2670 tempore,
907 2571 1297 2647 Academia
1329 2571 1899 2670 Inscriptionum.
1986 2573 2232 2646 Hero-

214 2709 304 2758 um
329 2687 437 2761 illa
464 2687 539 2762 in
576 2687 831 2764 Literis
866 2690 1059 2786 apud
1112 2689 1355 2763 Gallos
1404 2686 1725 2764 succeffio
1757 2712 1839 2762 ac
1870 2683 2232 2782 disciplina

210 2803 505 2894 paulatim
534 2803 817 2880 defecit.
923 2807 1363 2879 DAcEnms
1404 2807 1592 2877 Vitas
1621 2793 1860 2888 vertit,
1909 2827 2039 2874 nec
2077 2800 2230 2894 jam

206 2916 549 3008 heroicum,
588 2919 701 2996 sed
736 2922 941 3016 plane
971 2921 1265 2994 mortale
1300 2933 1371 2994 et
1406 2917 1776 2991 infirmum
1809 2913 2102 2988 sonavit.

282 3035 525 3110 Nostro
560 3035 813 3110 saeculo
846 3034 1045 3109 fuisse
1080 3034 1368 3109 idoneos
1392 3029 1562 3107 huic
1585 3028 1914 3106 editionis
1943 3028 2233 3127 negotio

208 3147 379 3240 viros,
408 3153 605 3250 apud
640 3155 962 3240 Batav03,
1011 3150 1410 3237 Britannos,
1465 3151 1881 3235 Germanos,
1933 3145 2091 3245 quis
2127 3143 2232 3244 ig-

212 3269 421 3343 norat?
470 3271 609 3344 Sed
653 3267 778 3367 qui
820 3271 957 3344 hoc
992 3269 1312 3368 agitaret,
1362 3279 1546 3340 certe
1593 3264 1956 3364 cogitaret,
2007 3262 2232 3338 nemi-

214 3403 341 3456 nem
388 3384 719 3482 equidem
776 3383 945 3460 novi
998 3397 1297 3480 excepto
1350 3383 1443 3456 L.
1482 3383 1922 3469 KusTssR03
1986 3379 2114 3478 qui
2161 3376 2236 3452 in

215 3493 393 3572 Notis
438 3499 529 3572 ad
564 3497 1115 3598 Aristophanem
1162 3496 1413 3596 Equit.
1465 3496 1635 3574 vers.
1686 3499 1896 3596 1096,
1946 3495 2236 3570 laudans

212 3607 411 3689 locum
445 3615 809 3690 Plutarchi
842 3617 963 3691 De
990 3618 1337 3714 Praeceptis
1373 3617 1563 3711 Reip.
1595 3615 1929 3698 Gerendae,
1964 3637 2038 3707 p.
2067 3613 2238 3705 807,

212 3723 341 3798 haec
360 3730 547 3806 addit
580 3759 600 3806 ε
654 3733 791 3808 Sed
828 3738 994 3808 locus
1026 3733 1129 3806 hic
1152 3732 1370 3806 mendo
1402 3759 1522 3806 non
1550 3749 1774 3816 vacat,
1811 3747 1878 3802 ut
1914 3727 2011 3798 ad
2046 3723 2238 3820 ipsum

218 3839 614 3935 Plutarchum,
642 3849 717 3941 st
739 3851 905 3946 fata
930 3849 1234 3942 siverint,
1268 3849 1605 3949 aliquando
1641 3845 2031 3939 qstendemm.
2137 3843 2241 3912 At

212 3952 289 4024 de
316 3961 580 4036 consilio
610 3962 861 4036 effecto
888 3962 987 4036 nil
1021 3961 1355 4062 comperi.
1438 3965 1523 4037 In
1559 3959 1916 4037 Britannia
1953 3961 2020 4030 V
2012 3961 2242 4030 iturum

218 4068 561 4152 editionem
612 4080 999 4154 Burnum
1048 4078 1433 4166 inchoavit,
1487 4081 1858 4152 SOLANus
1901 4071 2242 4148 absolvit:

222 4183 291 4258 de
332 4213 462 4288 qua
502 4193 619 4272 hic
670 4219 817 4270 non
861 4193 959 4270 est
992 4194 1272 4272 dicendi
1314 4196 1536 4268 locus,
1641 4191 1902 4266 Nostra
1953 4191 2248 4264 demum
