2842 4784
736 295 1652 372 PRAEFATIQ
2059 243 2503 370 xm‘2'

220 473 381 552 aliter
418 475 743 564 scribunt,
796 479 1104 566 menti0,«
1139 505 1305 554 curn
1343 483 1589 554 eadem
1621 477 1974 576 scripturae
2005 479 2222 552 varie«
2299 465 2310 478 ⁴

220 604 359 675 tate,
426 589 640 664 exstat
719 592 797 666 in
878 593 1145 668 mutuis
1226 597 1576 668 Manen
1667 610 1740 668 et
1823 595 2212 668 LAMB1N1

222 702 523 798 Epistolis‚
573 729 647 802 p.
689 732 823 804 391
865 721 941 780 et
974 735 1143 806 397,
1180 707 1347 782 edit.
1388 709 1486 781 D.
1527 709 1820 782 Ruhnk.
1861 723 1913 780 t.
1947 707 1994 780 i.
2034 709 2224 780 unde

218 833 457 912 apparet
490 845 656 892 eum
692 845 1149 896 communem
1180 821 1538 920 utriusque
1571 821 1767 896 fuiffe
1800 820 2106 894 amicum
2151 836 2224 894 et

218 955 313 1024 per
348 933 625 1030 aliquod
684 941 969 1031 tempus
1020 935 1107 1008 in‘
1154 935 1385 1010 Gallia
1433 934 1709 1032 degiffe.
1817 937 2222 1008 Mun-,Tus

218 1061 419 1133 tamen
447 1049 823 1147 nusquam,
858 1053 1053 1147 quod
1086 1051 1376 1147 quidem
1410 1049 1642 1137 sciam,
1683 1050 1756 1123 in
1789 1049 2054 1146 scriptis
2091 1047 2226 1120 suis

220 1159 409 1248 editis,
453 1164 629 1238 hanc
666 1167 761 1238 ab
798 1167 1167 1258 JAmzo'rx
1186 1193 1231 1240 o
1270 1166 1391 1240 fibi
1433 1167 1672 1242 datam
1719 1163 2224 1240 collectionem

219 1291 563 1364 memorat3
616 1278 945 1375 quamvis
974 1281 1134 1352 loco
1164 1278 1334 1374 ipse,
1382 1293 1470 1352 ut
1501 1279 1800 1365 videtur,
1833 1277 2225 1376 postulante

218 1394 301 1464 vel
324 1411 491 1468 certe
524 1395 901 1470 invitante.
1005 1395 1245 1468 Veluti
1287 1395 1363 1468 in
1406 1395 1693 1470 Scholiis
1735 1395 1826 1466 ad
1868 1396 2226 1480 Senecam,

220 1507 326 1602 Ep.
380 1535 403 1581 1
424 1537 532 1604 14,
582 1511 791 1608 quod
835 1510 1183 1596 ultimum,
1222 1509 1285 1582 ei
1334 1532 1626 1607 operum
1671 1507 1834 1594 fuit,
1893 1507 2224 1605 scriptum

219 1623 391 1715 paulo
415 1638 575 1698 ante
602 1625 923 1711 obitum,
959 1635 1107 1721 quo
1134 1639 1448 1721 tempore
1467 1625 1746 1700 dudum
1766 1623 1914 1718 jam
1939 1621 2012 1694 in
2036 1621 2226 1695 libris

220 1733 323 1808 suis
372 1739 675 1813 habebat
741 1739 935 1812 illam
982 1738 1510 1824 collectionem,
1577 1741 1816 1810 locum
1870 1733 2227 1810 Plutarchi

224 1855 445 1953 Sympofi
506 1856 747 1946 Quaest.
796 1853 939 1940 viii,
994 1881 1061 1950 9.
1109 1879 1180 1949 p.
1236 1879 1399 1953 733.
1450 1853 1575 1928 fin.
1627 1864 1856 1924 tentat
1897 1875 2022 1949 per
2057 1874 2226 1924 con·

215 1964 507 2056 jefituram
542 1997 715 2068 quae
762 1971 833 2042 in
868 1969 1291 2064 Jannotiana
1322 1968 1733 2044 collectione
1763 1991 1907 2040 non
1949 1965 2172 2038 exstat
2203 1993 2225 2037 2

227 2082 541 2182 Legendum
584 2105 817 2172 autem,
828 2121 831 2126 ·
866 2083 1123 2182 inquit,
1174 2087 1361 2186 ὥσπερ
1406 2087 1664 2184 ἐλαφρῶ
1707 2084 2009 2162 ,ὄπ-λιτῶς
2067 2080 2226 2154 Haec

225 2215 271 2267 et
296 2202 532 2298 {jusdem
554 2205 808 2301 generis
837 2206 987 2274 alia
1006 2203 1183 2296 plur
1142 2225 1279 2272 ‘tma
1302 2203 1450 2297 jam
1491 2198 1735 2294 pridem
1783 2199 1848 2268 in
1889 2195 2232 2268 Plutarcho

226 2318 569 2391 emendavi.-
620 2343 777 2417 quae,
803 2319 875 2410 fi
901 2318 1087 2390 Deus
1116 2322 1309 2402 volet,
1332 2317 1449 2416 suo
1481 2333 1748 2412 tempore
1781 2315 2058 2388 edentur.
2143 2312 2230 2386 In

224 2427 467 2522 epistola
494 2416 593 2507 ad
626 2431 1023 2528 Christoph.
1056 2429 1494 2517 Plautinum,·
1519 2429 1640 2504 lib.
1675 2427 1774 2516 iii,
1806 2443 1860 2502 t.
1885 2428 1932 2502 i.
1966 2453 2039 2524 p.
2059 2429 2230 2524 636,

73 2567 76 2582 ·
224 2538 464 2620 scribit.
524 2548 753 2622 Habeo
799 2567 863 2620 at
904 2566 1079 2621 notas
1120 2549 1189 2620 in
1239 2545 1654 2642 Thucydidem
1704 2561 1764 2618 et
1817 2543 2228 2616 Plutarchum

210 2654 335 2749 sm
362 2669 589 2736 malms
610 2691 637 2733 .-
688 2687 837 2760 quas
866 2663 962 2758 qd
1007 2660 1097 2733 Te
1124 2665 1397 2746 mittam,
1423 2663 1498 2752 fi
1529 2664 1698 2734 tanti
1731 2685 1872 2732 mea
1904 2661 2012 2755 ff
2035 2673 2230 2752 puta-

228 2780 381 2846 veris.
460 2777 817 2851 Mmuz'rr
862 2775 1273 2869 conjecturae
1318 2783 1478 2848 non'
1505 2771 1626 2846 nifi
1657 2797 1898 2869 paucae
1933 2770 2090 2846 sunt
2123 2770 2230 2842 in-

228 2897 315 2956 ter
360 2889 683 2964 leffiones
744 2889 1191 2964 Collectionis
1236 2886 1705 2983 jannotianae,
1757 2911 1886 2958 nec
1933 2884 2088 2956 inae-
2110 2884 2233 2956 ad-

230 3003 487 3078 modum
518 3005 941 3090 luculentae3
993 3017 1077 3076 ut
1120 3000 1450 3076 credibile
1495 3002 1601 3085 fit,
1653 2997 1992 3072 auctiores
2037 2999 2234 3070 locu·

230 3111 651 3216 pletioresque
682 3131 909 3203 notati,
960 3139 1263 3213 quarum
1296 3113 1676 3190 editionem
1713 3111 2109 3209 cogitabat,
2127 3113 2237 3184 vel

233 3225 425 3304 adhuc
456 3233 667 3304 latere
714 3227 949 3326 aliquo
998 3228 1073 3302 in
1118 3232 1378 3327 angulo
1420 3227 1602 3302 illius
1637 3225 2080 3302 Bibliothecae
2118 3227 2235 3319 Je·
2345 3273 2354 3284 ·

234 3333 555 3431 saltarum,
624 3345 733 3418 vel
787 3342 939 3438 jam
1006 3342 1438 3418 intercidisse.
1553 3344 1958 3416 MURE‘rus
2019 3357 2237 3428 certe,

234 3458 399 3548 quod
424 3485 511 3533 ex
544 3457 751 3533 editis
776 3457 921 3552 ejus
953 3456 1216 3553 scriptis
1248 3470 1560 3553 apparet,
1595 3457 2052 3530 Plutarchum
2082 3453 2239 3528 dili-

232 3585 437 3660 genter
472 3571 931 3658 lectitaverat,
981 3586 1053 3646 et
1102 3571 1370 3648 sensum
1421 3571 1633 3644 etiam
1681 3571 1804 3644 fibi
1847 3567 2238 3643 conforma-

236 3699 391 3759 verat
418 3689 509 3762 ad
540 3686 1074 3785 intelligentiam
1103 3685 1385 3758 rationis
1418 3699 1488 3760 et
1519 3681 2034 3758 consuetudinis
2069 3681 2239 3752 Plu-

238 3801 515 3890 tarcheae,
548 3817 635 3878 ut
668 3801 877 3874 libros
910 3799 1277 3898 quosdam,
1312 3799 1438 3895 qui
1463 3801 1552 3871 ab
1577 3792 2040 3870 eruditissimis
2065 3793 2240 3864 adeo

236 3907 603 3992 hominibus
634 3916 945 4016 germani
980 3916 1438 4000 habebantur,
1475 3909 1732 4009 spurios
1763 3909 1896 3980 effe
1927 3903 2240 3979 animad-

239 4045 518 4119 verteret,
579 4030 799 4106 veluti
863 4031 981 4103 De
1032 4031 1444 4114 Educatione,
1507 4023 2074 4120 Apophthegmata,
2126 4019 2242 4089 De
2266 4119 2282 4133 ‘

246 4143 477 4226 Placitis
523 4149 1039 4247 Philosophorum.
1143 4141 1428 4222 Habuit
1468 4137 1789 4238 profecto
1839 4136 2240 4211 Muniam-us
