2842 4784
640 270 787 346 lxvi
1202 269 2112 346 PRAEFATIO.

642 451 831 528 rimis
866 475 1121 524 nomen
1156 451 1510 526 Plutarchi
1555 479 1698 528 non
1753 451 1851 526 est
1899 452 2244 526 additum.
2345 449 2479 526 Sed
2527 451 2690 528 haec

641 567 1181 666 in'Fragrnentis
1213 568 1688 642 tractabimus
1792 572 1878 642 In
1913 568 2306 641 Chiliadibus
2333 565 2688 642 Historias

640 711 683 758 a
716 684 1083 758 Veteribus
1126 683 1440 780 proditas
1493 681 1690 758 refert
1741 681 1864 756 suo
1899 707 2116 767 more,
2166 680 2238 753 id
2279 680 2378 754 est
2411 681 2684 775 jejune.

640 799 893 874 additis
930 815 1165 872 tamen
1206 800 1572 872 antimum
1607 796 2008 872 nominibus
2039 828 2062 884 3
2113 820 2254 869 non
2284 795 2458 870 item
2489 795 2692 870 libris

642 915 921 990 notatis.
1022 912 1217 988 Hist.
1286 939 1351 1000 1,
1437 912 1523 984 de
1589 911 1828 986 Croeso
1897 911 1996 984 est
2051 935 2140 982 ex
2210 913 2364 982 Vita
2421 913 2682 984 Solonis.

642 1028 834 1104 Hist.
868 1055 985 1126 29,
1019 1027 1107 1100 de
1142 1025 1572 1100 Antisthenis
1605 1023 1937 1120 Sybaritae
1969 1023 2150 1098 veste
2185 1047 2400 1120 quam
2433 1047 2478 1096 a
2507 1025 2686 1097 Car-

640 1144 1179 1244 thaginienfibus
1230 1141 1464 1214 emiffe
1521 1141 1883 1215 dicebatur
1937 1135 2333 1235 Dionysius,
2383 1136 2578 1212 addit
2631 1137 2684 1211 a*

637 1263 1093 1360 moriraeex&,
1141 1258 1335 1351 οἶμαι,
1384 1260 1596 1358 γράφει
1631 1284 1650 1328 2
1703 1269 1774 1327 at
1827 1253 1925 1327 nil
1969 1255 2104 1358 tale
2153 1251 2224 1325 in
2271 1253 2678 1326 Plutarcho.

638 1370 833 1448 Hist.
861 1397 979 1468 32,
1014 1371 1103 1443 de
1140 1371 1399 1455 Xerxe,
1435 1394 1525 1444 ex
1565 1373 1714 1442 Vita
1749 1369 2175 1462 Themffloclis.
2325 1365 2516 1442 Hist.
2553 1393 2682 1464 33,

634 1486 725 1562 de
760 1487 1153 1583 Cleopatra,
1204 1509 1293 1558 ex
1343 1489 1497 1558 Vita
1531 1489 1806 1561 Antonii.
1957 1483 2128 1560 Hist
2194 1509 2312 1585 70,
2359 1485 2448 1558 de
2479 1499 2688 1558 utro-

635 1623 777 1698 que
812 1603 1046 1676 Catone
1076 1601 1307 1676 scribit
1347 1604 1784 1676 Plutarchus.
1931 1599 2124 1674 Hist.
2157 1627 2278 1698 93,
2317 1601 2414 1674 de
2455 1601 2684 1676 Lace-

632 1715 1019 1803 daernoniiS,
1054 1743 1143 1792 ex
1178 1721 1332 1791 Vita
1368 1721 1670 1818 Lycurgi.
1821 1716 2026 1794 Hist..
2054 1743 2080 1789 1
2103 1743 2128 1788 1
2152 1742 2214 1802 1,
2255 1717 2342 1790 de
2375 1713 2682 1803 DiebuS,

634 1857 723 1906 ex
767 1837 917 1905 Vita
952 1834 1227 1907 Camilli.
1378 1834 1570 1909 Hist.
1617 1861 1642 1908 1
1661 1861 1780 1932 29,
1815 1836 1902 1907 de
1937 1831 2330 1930 Xanthippi
2359 1859 2554 1921 cane,
2583 1859 2684 1908 ex

636 1950 793 2020 Vita
828 1948 1260 2041 Themffloclis.
1411 1948 1602 2022 Hist.
1653 1933 1810 2047 137,
1845 1949 1934 2020 de
1963 1945 2379 2023 Heliadibus
2411 1962 2482 2038 et
2515 1948 2683 2032 Eri-

629 2061 841 2146 dano,
890 2057 1036 2134 non
1066 2061 1167 2136 est
1200 2060 1271 2134 in
1323 2061 1740 2134 Plutarcho:
1797 2085 2188 2158 quaeremus
2215 2060 2304 2132 de
2335 2062 2466 2134 hac
2499 2085 2567 2134 re
2599 2059 2686 2134 in

562 2188 569 2198 ’
634 2173 1092 2271 Fragmentis.
1247 2173 1440 2249 Hist.
1479 2177 1554 2249 N
1559 2199 1670 2246 ov.
1705 2200 1776 2270 9,
1811 2175 1897 2246 de
1931 2176 2180 2246 Solone
2209 2187 2278 2247 et
2317 2175 2680 2248 Anachar-

632 2287 795 2370 fide,
825 2312 914 2358 ex
951 2290 1101 2357 Vita
1134 2292 1390 2360 Solonis.
1543 2282 1734 2360 Hist.
1778 2314 1894 2386 59,
1927 2289 2016 2360 de
2059 2287 2376 2362 Vindicio
2409 2304 2478 2362 et
2513 2289 2686 2364 filiis

630 2398 858 2487 Bruti,
890 2426 979 2473 ex
1017 2405 1169 2473 Vita
1204 2403 1566 2476 Publicolae.
1717 2402 1904 2478 Hist.
1933 2429 1970 2504 7
1989 2430 2008 2476 ι
2029 2458 2050 2490 ,
2085 2428 2174 2478 ex
2215 2407 2366 2478 Vita
2387 2405 2678 2478 Camilli.

630 2515 819 2590 Hist.
868 2543 975 2603 11,
1010 2517 1273 2590 Sirenes
1306 2517 1501 2592 fuifl'e
1536 2518 1945 2606 meretriceS,
1985 2525 2380 2622 Πλούταρχος
2411 2529 2440 2593 ὅ
2475 2524 2681 2594 ndn-

626 2664 721 2732 ρος
762 2637 946 2726 λέγει,
998 2629 1071 2703 in
1116 2633 1359 2706 eadem
1392 2657 1463 2705 re
1499 2635 1800 2708 eundem
1835 2637 2191 2708 auctorem
2224 2637 2460 2710 laudat
2489 2633 2678 2710 Isaa-

625 2744 773 2819 cius
832 2749 1137 2819 Tzetzes
1192 2749 1279 2820 ad
1334 2750 1782 2848 Lycophron.
1833 2755 1876 2824 6
1885 2777 1924 2850 5
1933 2779 1970 2848 3
2007 2781 2024 2824 ε
2087 2751 2250 2826 huic
2296 2755 2490 2834 locus
2535 2751 2678 2827 erit

624 2858 989 2956 quaestioni
1040 2861 1111 2933 in
1172 2861 1586 2936 Narratione
1637 2865 1751 2946 De
1813 2865 1982 2938 Vita
2031 2879 2102 2940 et
2157 2864 2440 2962 Scriptis
2495 2865 2676 2940 Plu-

626 2975 867 3050 tarchi.

720 3090 993 3162 Scholia
1024 3091 1111 3162 ad
1144 3092 1733 3188 Lycophronem;
1787 3119 1948 3191 quae
1987 3117 2216 3168 revera
2263 3094 2468 3192 ipfius
2500 3093 2676 3169 sunt

622 3203 1008 3296 Johanni53
1063 3205 1372 3293 nomine,
1406 3206 1630 3280 fratris
1665 3209 1810 3302 ejus
1845 3207 2076 3282 Isaacii
2103 3240 2127 3295 3
2177 3211 2266 3284 ad
2297 3207 2461 3282 vers.
2487 3235 2678 3304 494,

618 3337 707 3388 ex
746 3315 955 3412 Thesei
988 3321 1169 3404 Vita,
1217 3319 1488 3414 plenius
1537 3347 1618 3408 ea
1655 3321 1956 3398 referunt
1993 3349 2152 3421 quae
2185 3324 2423 3421 paucis
2457 3323 2674 3422 figni-

468 3491 477 3496 -
619 3429 919 3526 ficantur
946 3433 1141 3526 apud
1172 3433 1401 3508 Schol.
1437 3435 1678 3530 Eurip.
1719 3436 2024 3534 Hippol.
2073 3463 2102 3512 1
2123 3465 2183 3512 1.
2334 3439 2456 3511 Ad
2491 3433 2674 3513 vers.

618 3568 785 3638 921,
842 3543 929 3616 de
980 3542 1165 3618 serua
1220 3547 1552 3642 Trojana,
1605 3549 1890 3622 nomine
1939 3553 2199 3639 Roma,
2249 3577 2288 3624 e
2334 3553 2489 3624 Vita
2523 3553 2674 3625 Ro-

614 3660 768 3728 muli
818 3653 891 3728 in
948 3655 1312 3755 principie,
1360 3677 1432 3734 et
1493 3661 1669 3736 libro
1719 3666 1838 3738 De
1877 3667 2232 3748 Mulierum
2277 3666 2672 3756 Virtutibus,
2747 3759 2749 3762 Α

612 3795 684 3865 p.
726 3795 889 3867 243,
927 3772 1013 3846 Ε.
1162 3775 1303 3849 Ad.
1339 3772 1506 3848 vers.
1545 3802 1714 3872 934,
1765 3777 2150 3876 Qirinum
2189 3779 2498 3852 eundern
2525 3781 2671 3854 effe
2747 3775 2749 3790 ἢ

611 3883 955 3958 Romanis
988 3909 1069 3982 ,ac
1105 3887 1446 3974 Martem,
1473 3893 1742 3984 eit-Vita
1763 3895 2040 3980 Romuli,
2076 3917 2148 3989 p.
2173 3897 2294 3990 36,
2327 3894 2406 3968 B.
2537 3897 2674 3968 Ad
2745 3895 2747 3908 ²

606 3994 771 4070 vers.
820 4023 845 4070 1
870 4023 1029 4096 133,
1064 3999 1153 4072 de
1186 3999 1614 4091 Abantibus,
1662 4019 1733 4077 et
1769 4004 1858 4076 de
1891 4005 2394 4082 consuetudine
2427 4031 2664 4084 comae
2743 4023 2745 4054 ³

596 4108 899 4206 Delphis
922 4112 1426 4203 consecrandae,
1463 4141 1554 4191 ex
1581 4121 1739 4192 Vita
1767 4117 2008 4220 Thesei,
2043 4143 2120 4216 p.
2153 4147 2194 4196 2
2219 4137 2385 4221 etxg.
2537 4125 2670 4196 Ad
