2842 4784
557 275 719 353 cxiv
1125 276 2057 355 PRAE-FATIO.

561 464 1054 539 Plutarchearn
1101 463 1396 537 dubiam
1448 463 1837 539 reddidiffe.
1942 466 2201 564 Neque
2233 487 2399 541 vero
2444 465 2659 543 fiscus

560 578 908 655 factorum
961 582 1392 677 reprehensio
1450 581 1735 655 laudem
1797 582 1974 655 bene
2032 580 2387 659 factorum
2442 585 2655 681 apud

561 724 688 773 nos
739 698 1029 771 obruere
1081 697 1319 774 debet.
1381 698 1649 797 .Qod
1698 712 1947 771 contra
1992 697 2211 771 soient
2262 698 2473 773 multi
2510 698 2651 797 qui

559 810 794 895 nostra
821 828 1026 885 aetate
1064 813 1483 887 Graecorum
1518 815 1923 889 Aufflmrum
1972 812 2223 911 scripta
2252 814 2413 911 post
2444 816 2647 891 STE-

566 952 918 1003 PHANUM
955 929 1224 1003 edunt:
1282 954 1593 1027 quorum
1630 928 1704 1003 in
1742 928 2272 1026 praefationibus
2309 930 2463 1027 jam
2494 932 2651 1007 fere

559 1044 697 1121 loci
747 1046 1148 1121 communis
1179 1044 1647 1145 frequentiam
1698 1040 2015 1121 obtinuit
2068 1030 2489 1123 STEPirAm
2529 1072 2645 1119 re-

559 1148 944 1260 prehen'fiO,
995 1176 1082 1236 ut
1129 1160 1338 1261 pauci
1384 1164 1515 1236 fint
1562 1160 1740 1261 quin
1786 1188 1955 1237 eum
1988 1164 2169 1237 male
2200 1164 2643 1239 muletatum

557 1277 927 1355 dimittant
957 1303 1038 1351 ac
1071 1294 1406 1353 notatum
1442 1277 1731 1360 crimine
1766 1278 2153 1374 jaEtantiae,
2206 1278 2407 1353 malae
2438 1276 2641 1363 fidei,

559 1392 848 1471 fraudis,
953 1393 1312 1492 Equidem
1345 1396 1418 1468 in
1454 1395 1871 1469 Plutarchea
1898 1382 2081 1467 illius
2115 1418 2329 1491 opera
2360 1391 2457 1467 nil
2489 1390 2642 1466 isti-

561 1508 840 1585 usmodi
903 1507 1183 1608 agnovi.
1288 1508 1360 1584 Si
1411 1508 1591 1607 quid
1632 1534 1993 1607 perperam
2040 1507 2234 1594 fecit,
2286 1504 2645 1607 ignoscere

559 1628 903 1701 debemus
953 1640 1027 1697 et
1077 1624 1523 1723 compensare
1568 1623 1717 1697 afiis
1764 1623 2037 1723 magnis
2086 1620 2469 1720 multisque
2501 1621 2647 1697 viri

559 1741 933 1817 laudibus:
984 1738 1148 1813 fecit
1181 1738 1374 1813 enim
1403 1739 1667 1837 partim
1702 1736 2205 1815 consuetudine
2242 1738 2471 1815 saeculi
2501 1737 2647 1827 sui,

562 1882 712 1956 quo
743 1856 1164 1952 conjecturas
1215 1870 1288 1929 et
1331 1854 1663 1929 codicum
1696 1856 2029 1929 lectiones
2058 1855 2353 1927 eandem
2384 1856 2645 1929 autito-

561 1973 846 2051 ritatem
882 1973 1264 2057 habebant,
1299 1996 1685 2070 earumque
1720 1986 2157 2068 receptarum
2193 1996 2645 2045 commemo-

561 2088 741 2163 ratio
777 2112 922 2163 non
957 2100 1182 2172 tanta,
1217 2102 1486 2184 quanta
1518 2086 1749 2161 nostro
1778 2086 2053 2175 saecu10,
2092 2084 2421 2185 religione
2446 2086 2649 2167 cole-

561 2218 755 2279 retur
802 2228 846 2275 a
894 2200 1218 2276 Criticis:
1275 2200 1534 2298 partim
1581 2200 1745 2276 fecit
1790 2200 2227 2279 festinatione
2272 2226 2353 2275 ac
2398 2200 2645 2276 studio

563 2318 660 2393 rei
693 2317 1012 2416 gerendae
1047 2342 1130 2391 ac
1167 2318 1565 2391 multorum
1610 2320 2015 2393 Austorum
2064 2315 2491 2393 editionibus
2537 2319 2647 2393 de
2757 2346 2758 2370 ³

563 2433 769 2509 bonis
807 2430 1066 2507 Literis
1097 2434 1276 2507 bene
1311 2430 1648 2505 merendi.
1740 2432 1909 2507 Fuit
1940 2431 2131 2507 enim
2166 2431 2285 2507 hic
2315 2432 2419 2507 vir
2446 2458 2647 2509 unus

564 2547 892 2625 omnium
941 2546 1133 2623 idem
1185 2566 1256 2621 et
1306 2548 1863 2623 laboriofiffimus
1907 2562 1979 2623 et
2028 2548 2521 2623 efficaciffimus
2556 2564 2649 2625 et
2755 2603 2756 2624 1

562 2664 1084 2752 eruditiffimus‚
1137 2663 1262 2762 qui
1293 2666 1527 2763 plures
1562 2666 1906 2741 Audiores
1939 2665 2273 2762 antiquos
2310 2663 2647 2741 traEtavit

563 2798 632 2856 et
683 2780 930 2869 edidit,
1000 2806 1220 2879 quam
1275 2778 1384 2853 isti
1445 2778 1953 2879 reprehensores
2019 2781 2367 2879 legerunt,
2430 2782 2649 2877 plura.
2753 2868 2754 2871 Ἴ

559 2898 816 2997 scripsit
844 2922 1062 2995 quam
1095 2894 1206 2969 isti
1241 2896 1459 2971 fando
1504 2896 1952 2986 audiverunt,
1998 2896 2336 2999 majorem
2369 2896 2644 2973 doetri-

559 3040 728 3089 nam
775 3013 1016 3087 animo
1070 3027 1477 3109 perceptam
1531 3014 1761 3089 tenuit
1816 3038 2035 3113 quam
2088 3012 2195 3087 isti
2246 3010 2643 3111 suspicione

560 3129 904 3227 attingere
937 3143 1352 3227 potuerunt.
1430 3128 1688 3215 Nobis,
1721 3129 1878 3225 post
1902 3154 2071 3203 eum
2106 3128 2297 3203 idem
2329 3126 2651 3225 spatium

559 3243 885 3340 ingreHiS,
921 3268 1066 3315 non
1101 3243 1477 3317 illaudatus
1510 3242 1733 3317 abibit
1764 3274 1781 3316 ε
1820 3269 2042 3342 eaque
2076 3244 2279 3319 nobis
2313 3243 2442 3319 erit
2476 3244 2647 3319 lau-

559 3356 757 3431 datio
801 3375 871 3430 et
915 3346 1240 3453 frequens
1290 3356 1366 3430 in
1411 3360 1551 3433 hoc
1594 3384 1799 3456 opere
1850 3373 1923 3435 et
1973 3360 2337 3449 veriflima,
2384 3372 2466 3435 ut
2499 3358 2651 3435 viri
2749 3360 2750 3375 ¹

559 3478 740 3549 bene
793 3472 984 3547 dieta
1039 3475 1128 3549 ad
1177 3472 1566 3571 legentium
1620 3474 2099 3577 cognitionem
2151 3499 2647 3574 proponamus

559 3610 630 3667 et
687 3591 1144 3677 celebremus,
1199 3589 1389 3666 secus
1450 3589 1665 3679 dieta,
1722 3594 1769 3666 fi
1822 3590 2115 3691 quidem
2174 3593 2649 3667 memoranda

558 3708 950 3793 videantur,
1003 3731 1478 3781 memoremus
1513 3710 1649 3781 fine
1682 3706 2001 3805 superbia
2032 3722 2105 3783 et
2138 3706 2647 3795 ostentatione,

558 3842 642 3899 ut
676 3822 804 3897 illis
836 3822 1247 3899 erudiantur
1279 3823 1607 3919 legenteS,
1651 3823 1755 3897 his
1790 3824 2329 3909 admoneantur.
