2842 4784
522 316 728 393 xxxii
1091 306 2022 392 PRAEFAT1·0.

517 495 796 595 quiores
829 510 1049 583 erant,
1082 522 1216 571 nec
1249 514 1398 571 tam
1433 494 1631 570 facile
1662 522 1779 569 me
1813 494 2321 579 dimittebant3
2374 492 2595 567 corri-

513 612 830 710 piebant,
865 630 936 685 et
969 610 1190 687 veluti
1225 610 1553 691 debitum
1587 636 1628 683 a
1658 636 1774 687 me
1809 609 2227 709 exigebant:
2284 622 2335 655 “
2374 612 2590 687 Heus

519 740 572 774 ‘⁶
607 730 740 802 tu!
798 728 1171 827 ecquando
1223 728 1637 803 Plutarchus
1682 725 1997 823 prodibit
2030 726 2107 798 ?”
2210 724 2587 811 Dicebam,

515 844 841 919 nondum
887 842 1128 917 omnia
1175 840 1349 917 mihi
1403 844 1539 915 effe
1589 857 1831 939 parata
1874 844 1968 915 ad
2016 841 2283 937 justam
2326 840 2589 914 editio-

513 985 728 1047 nem,
784 984 1110 1056 magnam
1143 973 1213 1033 et
1239 957 1503 1033 variam
1540 960 1673 1031 effe
1706 960 2016 1055 operam,
2050 955 2593 1043 emendationiS,

513 1072 1128 1171 interpretationis,
1167 1088 1542 1172 apparatus
1568 1072 1905 1149 doctrinae
1936 1072 2337 1172 colligendi,
2371 1098 2592 1170 porro
2636 1153 2646 1161 ,

513 1188 735 1263 varias
777 1190 1108 1264 lectiones
1155 1214 1549 1289 congerere,
1607 1187 1875 1265 Indices
1928 1190 2299 1275 conficere,
2344 1186 2593 1263 omnia

513 1304 819 1403 denique
868 1304 1198 1403 digerere.
1304 1308 1507 1379 Tum
1542 1303 1663 1391 illi,
1717 1318 1767 1353 ‘⁶
1806 1306 1923 1379 Da
1957 1306 2157 1403 quod
2188 1306 2424 1390 habes,
2476 1329 2595 1379 re·-

515 1432 568 1467 “
605 1420 800 1517 liqua
831 1418 1182 1517 supplebis
1215 1422 1436 1495 altera
1466 1419 1773 1495 editione
1802 1449 1817 1493 :
1873 1422 2226 1497 utendum
2260 1419 2357 1495 est
2388 1419 2601 1518 inge-r..

515 1548 566 1583 “
607 1534 726 1609 nio
783 1550 856 1609 et
916 1535 1316 1634 elegantia;
1396 1559 1541 1609 non
1595 1533 1883 1607 obscura
1939 1534 2065 1609 ista
2120 1548 2191 1607 et
2246 1532 2603 1613 laboriosa

515 1667 566 1701 ‘⁶
603 1652 988 1751 diligentia.
1091 1651 1475 1737 Enimvero
1526 1650 1899 1749 indignum
1954 1650 2053 1725 est
2104 1650 2365 1726 liberali
2410 1652 2589 1723 doc-

513 1786 566 1819 “
605 1770 784 1845 trina
830 1770 1202 1870 negotium
1247 1772 1519 1850 Indices
1564 1772 1931 1856 conficere,
1984 1768 2200 1843 varias
2250 1765 2595 1845 lectiones

514 1902 568 1934 “
600 1904 672 1963 et
717 1890 1085 1965 materiam
1135 1914 1503 1989 congerere
1538 1918 1553 1963 ε
1610 1889 1745 1962 hoc
1784 1911 1909 1985 per
1954 1884 2121 1963 alios
2170 1888 2525 1985 agendum
2554 1914 2583 1963 z

513 2014 562 2049 ‘⁶
601 2018 814 2079 tuum
874 2004 976 2077 est
1033 2005 1350 2079 ordinare
1409 2002 1849 2077 materiam.''
1950 2000 2151 2100 Qid
2212 2001 2589 2097 responde-

513 2119 715 2189 rem?
770 2120 1040 2203 Multa‚
1079 2118 1234 2192 sane
1265 2148 1282 2191 ε
1339 2119 1559 2191 modo
1590 2116 1829 2191 audire
1864 2115 2261 2225 voluissent.
2359 2117 2589 2217 Qod

511 2228 686 2307 mihi
723 2232 801 2302 fit
837 2229 1228 2316 confilium,
1265 2256 1427 2327 quae
1454 2230 1671 2303 animi
1702 2226 2067 2315 sententia,
2098 2254 2290 2303 nunc
2324 2227 2589 2305 dicam.

514 2340 668 2417 Diu
704 2342 804 2415 est
839 2346 1035 2442 quod
1085 2345 1276 2418 illam
1319 2342 1577 2449 ingenii
1620 2344 1902 2417 laudem
1948 2342 2323 2419 consectari
2364 2344 2528 2419 defii
2555 2374 2583 2421 t

513 2460 562 2529 fi
617 2457 862 2553 sponte
921 2459 1256 2556 sequitur,
1317 2458 1634 2555 accipio:
1712 2464 1810 2533 fin
1862 2460 2123 2547 minuS,
2182 2486 2329 2534 non
2380 2484 2583 2533 curo,

513 2572 830 2651 Omnem
875 2573 1049 2649 mihi
1087 2576 1368 2648 laudem
1406 2574 1479 2651 in
1514 2574 1871 2649 honestate
1904 2568 2279 2651 constitui:
2333 2575 2585 2649 hones·

513 2701 736 2759 tatem
773 2686 844 2760 in
875 2690 1228 2785 explendo
1261 2688 1493 2763 officio
1527 2692 1826 2785 pofitam
1860 2690 2211 2777 existimo,
2264 2691 2587 2767 officium

511 2803 852 2899 proficisci
885 2831 928 2877 a
957 2805 1120 2879 vitae
1155 2830 1430 2905 genere,
1480 2806 1597 2881 seu
1630 2806 2063 2895 muneribuS,
2116 2834 2275 2905 quae
2310 2809 2425 2882 vel
2456 2833 2585 2879 na-

514 2934 672 2991 tura
717 2918 918 2993 nobis
965 2920 1188 3008 dedit,
1245 2925 1354 2997 vel
1399 2920 1686 2997 fortuna
1742 2926 1991 3021 (quarn
2040 2925 2295 2998 rectius
2332 2922 2583 2999 Provi-

511 3029 824 3103 dentiam
861 3040 1227 3131 vocemus)
1269 3038 1376 3119 vel
1405 3036 1611 3111 suurn
1646 3038 1905 3134 cuique
1926 3036 2319 3133 judicium:
2354 3036 2585 3111 veluti

511 3159 766 3219 natura
817 3146 1206 3246 unicuique
1261 3151 1579 3227 nostrum
1632 3152 1882 3227 tribuit
1930 3178 2193 3227 munus
2246 3140 2585 3241 hominis,

512 3257 724 3333 civis:
801 3262 1108 3352 fortuna,
1173 3266 1322 3339 aliis
1376 3266 1533 3353 alia,
1594 3268 1773 3342 mihi
1824 3267 2364 3364 profefl'orium:
2440 3268 2585 3366 ipse

513 3373 691 3447 mihi
736 3380 1004 3451 afl'urnfi
1059 3404 1320 3461 munus
1367 3380 1617 3457 edendi
1684 3381 2085 3457 Plutarchi:
2138 3386 2276 3455 hoc
2314 3362 2583 3457 adole's·

511 3513 674 3563 cens
711 3490 996 3589 suscepi,
1041 3512 1300 3591 putans
1349 3522 1467 3569 me
1516 3496 1787 3594 aliquid
1818 3496 2173 3581 facultatis
2208 3499 2461 3571 habere
2494 3514 2593 3571 ut·
2632 3486 2645 3493 ⁵

513 3632 802 3681 munere
861 3609 1038 3681 bene
1091 3612 1398 3709 gerendo
1452 3611 1599 3687 aliis
1656 3614 2075 3709 prodeffem.
2178 3616 2345 3709 Jam
2393 3616 2441 3685 fi
2488 3614 2583 3686 ad

511 3719 772 3821 ingenii
808 3748 888 3796 ac
917 3722 1194 3798 virtutis
1227 3724 1543 3801 fructum
1588 3726 1921 3823 pertinet,
1970 3726 2335 3801 Plutarchi
2372 3724 2581 3798 intel*

511 3838 874 3936 ligentiam
937 3838 1449 3936 expeditiorem
1514 3839 1764 3929 r‘eddi3
1850 3840 2225 3916 honestum
2286 3838 2390 3913 est
2442 3841 2582 3915 hoc

510 3980 819 4042 munus3
871 3970 940 4051 et
974 3958 1018 4027 fi
1055 3954 1428 4029 honestum
1460 3954 1586 4042 est,
1632 3954 1917 4029 honeste
1948 3955 2123 4029 item
2154 3952 2421 4051 expleri
2450 3954 2581 4027 de·

505 4070 678 4149 bet:
736 4055 896 4157 seu}
930 4094 1012 4143 ut
1047 4070 1234 4145 idern
1279 4070 1428 4145 aliis
1460 4062 1691 4147 strbis
1738 4070 1997 4158 dicam,
2048 4068 2369 4145 officium
2400 4067 2580 4143 mihi

511 4182 634 4271 est,
687 4186 825 4260 hoc
872 4210 1132 4265 munus
1173 4188 1356 4263 reike
1391 4212 1615 4289 agere.
1716 4185 2042 4263 Primum
2074 4184 2323 4285 igitur,
2370 4184 2580 4259 ned:
