2842 4784
746 291 1677 372 PRAEFATIO.
1956 293 2262 371 cxxxvii

223 495 419 577 partas
448 501 570 554 nec
600 479 815 554 ullius
846 480 1097 555 veteris
1128 479 1289 554 libri
1324 478 1589 556 affensu
1623 479 2074 554 confirmatas
2106 505 2256 556 non

220 597 319 670 nifi
380 597 691 670 rariffime
754 598 1006 695 recepi.
1136 596 1229 672 Iis
1286 613 1530 672 tamen
1586 596 1660 670 in
1721 597 1891 671 locis
1947 598 2076 672 ubi
2141 595 2256 675 vel

219 714 447 810 priores
490 714 637 811 jam
693 713 1018 788 Editores
1068 713 1502 812 recepiffent,
1544 715 1655 788 vel
1704 712 1818 787 alii
1864 713 2080 788 etiam
2123 713 2256 788 viri

218 828 385 902 docti
408 828 478 902 in
508 831 832 916 eandem,
884 845 1101 927 atque
1146 855 1307 929 eg0‚
1354 855 1393 900 e
1425 829 1830 926 conjectura
1861 826 2254 903 incidifl'ent

216 946 709 1033 correctionem,
750 948 912 1042 plus
946 945 1121 1020 mihi
1158 947 1361 1020 licere
1396 945 1774 1020 arbitratus
1807 946 1987 1021 sum.
2075 949 2255 1021 Sane

220 1061 628 1136 concedenda
674 1062 777 1134 est
824 1063 975 1135 haec
1020 1061 1299 1136 Editori
1334 1061 1642 1150 libertas»,
1695 1065 1740 1134 fi
1782 1062 2072 1159 quidem
2107 1062 2258 1157 ejus

218 1173 393 1249 usum
448 1179 537 1250 ad
589 1176 1103 1275 probabilitatis
1154 1179 1411 1276 gradus
1467 1191 1687 1276 regat.
1794 1183 1896 1252 At
1945 1203 2106 1278 quae
2157 1177 2257 1252 est

218 1290 391 1385 hujus
456 1289 971 1389 probabilitatis
1035 1307 1105 1364 et
1174 1293 1527 1390 graduum
1583 1293 1953 1366 mensura?
2025 1297 2256 1370 Suum

216 1403 516 1503 cujusque
568 1403 877 1479 Editoris
924 1405 1335 1501 judicium3
1412 1405 1634 1480 modo
1686 1409 1912 1482 valeat
1972 1408 2258 1484 scientia

220 1547 445 1609 rerum,
494 1523 779 1622 linguae,
830 1523 960 1597 usu
1023 1522 1378 1610 Αυὲὶοτὶε,
1431 1523 1694 1598 alienus
1741 1547 1784 1596 a
1833 1525 2254 1615 temeritate,

222 1639 515 1713 novitatis
566 1639 825 1727 studio,
872 1639 1207 1726 vanitate,
1256 1667 1339 1712 ne
1399 1642 1479 1713 fit
1536 1637 1934 1724 subitarias,
1985 1644 2266 1716 tumul·

220 1754 478 1843 tuarius,
508 1753 893 1842 festinator,
920 1756 1035 1830 sed
1070 1771 1388 1854 ternpore
1418 1755 1786 1854 diligenter
1811 1757 2258 1856 cogitateque

221 1871 691 1969 progrediatur.
772 1871 1127 1970 Equidem
1164 1871 1237 1945 in
1271 1873 1408 1944 hoc
1439 1868 1726 1970 negotio
1760 1871 1982 1970 magis
2015 1895 2258 1944 vereor

226 2009 291 2056 ne
342 1990 465 2060 fint
520 1986 783 2084 quibus
838 2013 1115 2084 parum,
1172 2013 1303 2062 nec
1356 1986 1514 2060 satis
1565 1987 1988 2074 constanter,
2039 2011 2260 2086 quam

228 2100 451 2196 quibus
478 2101 786 2176 nimium
819 2100 1045 2177 fecifl‘e
1080 2101 1336 2177 videar.
1445 2101 1676 2200 Atqui
1727 2104 2062 2176 affirmare
2099 2100 2258 2201 pof-

230 2212 355 2290 surn
387 2243 495 2291 me
530 2243 986 2317 quacumque
1015 2219 1091 2292 in
1122 2219 1422 2294 le&ione
1444 2221 1792 2294 mutanda
1815 2219 2262 2296 retinendave

226 2356 469 2429 operam
502 2335 763 2410 dediffe
792 2351 877 2410 ut
914 2337 1091 2410 mihi
1120 2335 1532 2425 constarem,
1584 2363 1666 2412 ac
1699 2337 1971 2413 sensum
2004 2363 2257 2438 quem-

226 2447 361 2522 dam
413 2477 655 2526 meum
706 2450 1202 2551 judiciumque
1252 2452 1768 2549 probabilitatis
1817 2452 2258 2528 consuluiffe.

230 2563 735 2641 Innumerabilia
794 2571 1045 2663 possim
1113 2565 1375 2641 adferre
1441 2570 1769 2666 exempla
1812 2598 1829 2641 t
1917 2569 2262 2668 defungar

232 2679 428 2770 unico,
478 2708 627 2782 quo
676 2681 1110 2781 intelligatur
1158 2681 1334 2779 quid
1388 2682 1624 2758 velim.
1728 2685 1935 2758 Duos
1987 2683 2260 2758 correxi

230 2795 387 2870 locos
415 2825 455 2871 e
484 2799 913 2894 conjectura,
965 2799 1039 2874 id
1084 2799 1184 2872 est
1215 2798 1644 2872 adsentiente
1679 2801 1876 2872 nullo
1909 2813 2140 2873 vetere
2176 2799 2258 2873 li-

232 2911 368 2987 bro:
420 2931 809 3014 utrumque
845 2941 935 2988 ex
969 2917 1222 2990 eodem
1258 2917 1578 3002 Platone,
1627 2914 1876 2988 eadem
1923 2916 2260 3012 probabi-

232 3023 411 3104 litate.
518 3033 723 3105 Alter
768 3031 871 3105 est
921 3029 995 3104 in
1047 3031 1227 3105 libro
1285 3033 1400 3104 De
1451 3033 1844 3106 Educatione
1889 3033 2258 3120 Puerorum,

230 3169 283 3239 p.
308 3175 371 3241 4,
402 3150 501 3237 D,
538 3147 666 3223 ubl
702 3153 1015 3230 πολλάκις
1058 3156 1085 3222 ὅ
1121 3153 1363 3250 Κράτης
1413 3147 1662 3222 falsum
1715 3146 1838 3234 est,
1881 3133 1964 3221 ‘et
2011 3173 2259 3224 Verum

229 3269 501 3346 πολλάκις
536 3267 875 3367 Σωκράτης,
924 3281 1011 3339 ut
1042 3263 1403 3340 manifesto
1436 3278 1720 3362 apparet
1769 3291 1806 3336 e
1857 3263 2150 3340 Platone
2185 3266 2260 3341 in

233 3373 681 3474 Clitophonte,
730 3403 804 3476 p.
846 3406 885 3453 2
894 3405 933 3479 5
944 3406 1015 3480 5,
1070 3381 1169 3453 D.
1273 3382 1480 3454 Alter
1531 3377 1632 3453 est
1683 3378 1762 3452 in
1821 3379 2260 3475 Quaestionibus

236 3489 561 3583 Platonicis,
612 3521 687 3593 p.
726 3522 938 3585 1001,
990 3501 1087 3583 A,
1122 3494 1249 3571 ubi
1282 3495 1698 3570 mendosum
1733 3496 1956 3570 exstat
1994 3497 2066 3570 in
2101 3523 2258 3570 om—

236 3603 407 3682 nibtis
446 3611 637 3686 libris
684 3613 1151 3699 Καλλιππῖδαν,
1210 3614 1369 3685 loco
1425 3635 1604 3685 verae
1660 3609 1974 3686 lectionis
2035 3615 2258 3684 καλλί-

240 3730 417 3812 παιδα,
466 3743 547 3801 ut
584 3725 761 3802 item
796 3725 1162 3802 manifesto
1217 3743 1508 3824 apparet
1542 3753 1580 3800 e
1619 3731 1912 3802 Platone
1947 3726 2022 3799 in
2058 3726 2259 3798 Phae-
2358 3722 2375 3741 Χ

238 3833 363 3924 (ῙΙὉ,
402 3867 475 3938 p.
513 3869 681 3942 350,
737 3847 833 3917 G.
939 3847 1041 3918 At
1094 3845 1229 3918 hoc
1279 3845 1439 3917 loco
1473 3842 1699 3939 recepi
1731 3839 2262 3928 correctionem,

240 3945 333 4023 illo
358 3981 493 4031 non
524 3958 721 4033 item.
810 3961 1097 4056 Nempe
1130 3959 1203 4032 in
1238 3961 1590 4032 Platonicis
1633 3957 2097 4051 Quaestionibus‚
2133 3955 2260 4055 qui

239 4063 321 4137 est
342 4093 691 4166 germanus
727 4075 1088 4150 Plutarchi
1121 4075 1323 4161 liber,
1360 4100 1506 4148 non
1536 4090 1685 4146 erat
1719 4072 2049 4160 dubium,
2085 4073 2261 4172 quin

252 4185 503 4277 Auctor,
548 4193 767 4266 homo
808 4191 1062 4268 doctus
1106 4205 1177 4267 et
1222 4191 1557 4296 prudenS,
1608 4189 1708 4266 ita
1736 4187 2132 4288 scripfiffet:
2187 4205 2262 4268 at
