2842 4784
568 279 889 362 exxxvffi
1137 225 2068 355 PR'AEFA'rro.

562 463 641 576 in
689 465 873 540 libro
922 452 1043 540 De
1076 466 1470 540 Educatione
1504 467 1874 550 Puerorum,
1927 457 2053 570 qui
2101 457 2199 532 est
2247 458 2515 556 spurius
2563 469 2642 532 et

460 577 473 588 ”
538 579 929 684 perperam
963 578 1319 654 Plutarchi
1352 577 1640 653 nomine
1673 577 2065 673 inscriptuS,
2101 574 2298 669 cujus
2333 576 2636 658 Auctor,

560 693 877 790 quisquis
906 694 1017 768 ille
1050 691 1215 780 fuit,
1268 706 1456 770 certe
1506 715 1652 766 non
1699 691 1856 766 satis
1901 689 2035 764 fuit
2079 704 2360 787 paratus
2394 715 2436 761 a
2465 713 2633 784 pru·

558 809 801 886 dentia
828 825 901 884 et
934 808 1278 896 doctrina,
1310 823 1588 906 poterat
1625 808 1806 882 forte
1839 806 2042 880 illum
2073 807 2316 882 locum
2349 805 2636 880 aliunde

556 924 891 1022 accepisse
926 951 1053 998 nec
1086 949 1175 996 ex
1214 923 1358 1020 ipso
1410 925 1706 998 Platone
1757 922 2082 1008 sumfiffe,
2133 937 2203 994 et
2253 920 2632 994 nominum

558 1038 1015 1118 fimilitudine
1034 1039 1371 1135 deceptus
1397 1037 1636 1112 fuiffe:
1677 1041 1814 1112 hoc
1846 1036 2150 1113 dubium
2181 1039 2634 1123 remanebat3

555 1179 725 1253 ergo
787 1153 885 1228 nil
930 1153 1253 1230 'mutavi.
1354 1157 1526 1248 Erat
1583 1156 1720 1226 hoc
1779 1155 1937 1228 loco
1993 1151 2242 1228 falsum
2299 1151 2631 1226 dietum:

557 1269 710 1356 illo,
760 1269 1091 1344 mendosa
1139 1269 1373 1343 lec‘tio.
1479 1271 1898 1367 Utrumque
1937 1295 2158 1366 genus
2191 1268 2447 1344 Editor
2483 1267 2636 1341 ani-

562 1386 997 1462 madvertere
1052 1386 1319 1462 debet:
1394 1383 1514 1460 sed
1567 1385 1642 1460 in
1701 1385 2196 1459 constituendo
2255 1401 2635 1470 contextu,

558 1501 701 1580 hoc
758 1499 1121 1600 corrigere,
1186 1500 1365 1576 illud
1418 1501 1827 1600 relinquere,
1887 1527 2116 1600 neque
2169 1501 2246 1573 id
2297 1525 2636 1596 reponere

559 1619 763 1716 quod
818 1617 1107 1692 scribere
1162 1619 1500 1692 debuerat
1561 1622 1862 1704 Auctor,
1923 1615 2038 1690 sed
2099 1617 2296 1715 quod
2347 1614 2633 1712 scripfit.

560 1735 785 1832 Qod
818 1736 862 1806 fi
898 1733 1078 1807 forte
1113 1732 1370 1808 alicubi
1408 1733 1540 1806 hac
1589 1732 1664 1808 in
1708 1749 1905 1830 parte
1938 1747 2201 1806 temere
2238 1731 2368 1804 feci
2403 1761 2420 1803 :
2477 1732 2632 1804 cavi

557 1872 649 1924 ne
682 1848 859 1946 quid
892 1847 1299 1923 detrimenti
1328 1863 1606 1945 caperet
1641 1864 2044 1923 contextus·
2132 1850 2328 1924 Nam
2363 1847 2436 1920 in
2475 1854 2632 1921 An-

557 1963 1047 2043 notationibus
1080 1962 1430 2060 subjectus,
1482 1989 1650 2038 cum
1699 1980 1994 2061 receptae
2030 1963 2474 2037 correctionis
2511 1990 2628 2036 vc-

558 2093 781 2156 terem
848 2082 1211 2178 vulgatam
1276 2078 1676 2164 lectionem,
1744 2093 1901 2154 tum
1970 2093 2252 2153 retentae
2322 2079 2632 2176 vulgatae

556 2193 953 2274 faciendam
984 2193 1516 2281 correctionem,
1567 2193 1804 2270 sedulo
1850 2221 1932 2272 ac
1979 2193 2278 2272 fideliter
2309 2220 2632 2270 comme-

556 2306 853 2386 moravi.

658 2427 1095 2522 Exemplum
1128 2439 1531 2514 contextuS,
1583 2429 1782 2524 quod
1833 2429 2310 2526 typographus
2360 2425 2430 2498 in
2475 2425 2636 2500 nos-

559 2555 667 2616 tra
703 2539 1035 2615 Editione
1070 2540 1467 2640 sequeretur
1501 2556 1571 2614 et
1609 2541 2058 2638 exprimeret,
2097 2542 2194 2616 ita
2226 2539 2518 2614 instruxi
2557 2555 2630 2613 et

555 2653 910 2730 adornavi.
966 2656 1190 2729 Sumfi
1222 2658 1632 2752 exemplum
1669 2656 2018 2732 Editionis
2055 2656 2630 2748 Graeco-Latinae

554 2771 949 2870 postremae,
1000 2769 1163 2844 anni
1224 2775 1460 2864 1624;
1522 2772 1787 2869 quippe
1837 2775 2036 2868 quod
2087 2775 2288 2846 fimul
2329 2786 2400 2845 et
2451 2773 2622 2846 ΧΥ-

562 2911 875 2960 LANDRI
906 2886 1236 2962 Latinam
1268 2890 1692 2975 Verfionem,
1729 2901 1801 2961 et
1830 2891 2165 2962 Graecum
2198 2901 2625 2962 contextum

554 2997 1109 3096 Stephanianum
1145 3001 1591 3098 paucioribus
1613 3020 1833 3101 quam
1859 3003 2023 3078 duae
2047 3002 2306 3098 priores
2336 3003 2630 3078 Graeco-

560 3115 838 3193 Latinae
876 3117 1147 3190 mendis
1181 3117 1699 3215 typographicis
1731 3116 2180 3216 inquinatum
2211 3115 2630 3192 contineret.

560 3229 1115 3324 Stephanianum
1150 3247 1390 3302 autem
1426 3247 1850 3306 contextum
1885 3232 2106 3306 malui
2131 3257 2349 3331 quam
2379 3230 2632 3317 alium,

558 3345 755 3439 quod
794 3343 848 3415 is
880 3345 1315 3420 emendatior
1347 3347 1540 3432 esset,
1591 3361 1660 3419 et
1713 3349 1759 3420 fi
1814 3345 1990 3444 quid
2023 3345 2085 3420 ei
2121 3343 2520 3419 finceritatis
2559 3361 2632 3419 et

554 3457 993 3534 auctoritatis
1052 3461 1331 3546 deesset,
1389 3459 1464 3534 id
1513 3486 1659 3536 non
1706 3476 1992 3538 tantum
2044 3463 2209 3536 effet
2256 3476 2338 3532 ut
2377 3458 2632 3558 corrigi

554 3571 755 3654 facile
788 3572 1134 3671 nequiret.
1238 3575 1409 3652 Hoc
1461 3575 1679 3674 igitur
1725 3577 2138 3674 exemplum
2175 3589 2338 3648 ante
2385 3575 2635 3652 omnia

556 3689 945 3789 expurgavi
974 3690 1399 3789 corrigendis
1449 3693 1817 3792 diligenter
1862 3695 2246 3793 seduloque
2291 3709 2632 3794 typogra-

556 3804 783 3906 phicis
816 3805 1130 3880 mendis:
1186 3831 1484 3904 eamque
1505 3833 1819 3906 operam,
1851 3807 2265 3896 secundum,
2300 3808 2630 3896 tertium,

556 3937 895 4018 quartum
946 3935 1017 3996 et
1062 3921 1319 4019 pluries
1373 3921 1686 4022 repetivi.
1791 3929 2042 4022 Itaque
2093 3923 2246 4000 cavi
2297 3949 2384 3996 ne
2432 3924 2628 4001 idem

558 4037 805 4112 nostrae
838 4036 1177 4114 accideret
1214 4037 1561 4128 Editioni‚
1595 4041 1792 4138 quod
1827 4045 2192 4138 Bryaneae3
2235 4041 2432 4136 cujus
2465 4065 2630 4138 per-

555 4153 800 4230 multae
823 4151 1468 4233 Animadverfiones
1489 4155 2002 4236 consumuntur
2027 4155 2392 4234 notatione
2418 4181 2624 4234 men-
