<?xml version="1.0" encoding="UTF-8"?>
<!DOCTYPE html PUBLIC "-//W3C//DTD XHTML 1.0 Transitional//EN"
    "http://www.w3.org/TR/xhtml1/DTD/xhtml1-transitional.dtd">
<html xmlns="http://www.w3.org/1999/xhtml" xml:lang="en" lang="en">
 <head>
  <title>
</title>
<meta http-equiv="Content-Type" content="text/html;charset=utf-8" />
  <meta name='ocr-system' content='tesseract 3.04.00' />
  <meta name='ocr-capabilities' content='ocr_page ocr_carea ocr_par ocr_line ocrx_word'/>
</head>
<body>
  <div class='ocr_page' id='page_1' title='image "./ploutarchoutouc06unkngoog_0125.png"; bbox 0 0 2842 4784; ppageno 0'>
   <div class='ocr_carea' id='block_1_1' title="bbox 685 311 2199 390">
    <p class='ocr_par' dir='ltr' id='par_1_1' title="bbox 685 311 2199 390">
     <span class='ocr_line' id='line_1_1' title="bbox 685 311 2199 390; baseline -0.001 0"><span class='ocrx_word' id='word_1_1' title='bbox 685 311 1619 390; x_wconf 87' lang='lat' dir='ltr'>PRAEFATIO.</span> <span class='ocrx_word' id='word_1_2' title='bbox 1977 312 2199 388; x_wconf 80' lang='lat' dir='ltr'>cxxiii</span> 
     </span>
    </p>
   </div>
   <div class='ocr_carea' id='block_1_2' title="bbox 178 495 2218 2107">
    <p class='ocr_par' dir='ltr' id='par_1_2' title="bbox 178 495 2218 2107">
     <span class='ocr_line' id='line_1_2' title="bbox 178 495 2200 600; baseline -0.003 -20"><span class='ocrx_word' id='word_1_3' title='bbox 178 505 523 589; x_wconf 80' lang='lat' dir='ltr'>Editiones,</span> <span class='ocrx_word' id='word_1_4' title='bbox 554 503 1031 576; x_wconf 71' lang='lat' dir='ltr'>FAznrems</span> <span class='ocrx_word' id='word_1_5' title='bbox 1068 497 1405 574; x_wconf 85' lang='lat' dir='ltr'>Biblioth.</span> <span class='ocrx_word' id='word_1_6' title='bbox 1449 499 1578 570; x_wconf 88' lang='lat' dir='ltr'>Gr.</span> <span class='ocrx_word' id='word_1_7' title='bbox 1618 499 1758 572; x_wconf 84' lang='lat' dir='ltr'>vol.</span> <span class='ocrx_word' id='word_1_8' title='bbox 1783 495 1882 572; x_wconf 82' lang='lat' dir='ltr'>iii.</span> <span class='ocrx_word' id='word_1_9' title='bbox 1919 521 1995 597; x_wconf 87' lang='lat' dir='ltr'>p.</span> <span class='ocrx_word' id='word_1_10' title='bbox 2028 524 2200 600; x_wconf 82' lang='lat'>371·</span> 
     </span>
     <span class='ocr_line' id='line_1_3' title="bbox 182 614 2199 703; baseline -0.003 -8"><span class='ocrx_word' id='word_1_11' title='bbox 182 647 341 696; x_wconf 82' lang='lat' dir='ltr'>mere</span> <span class='ocrx_word' id='word_1_12' title='bbox 374 623 677 694; x_wconf 81' lang='lat' dir='ltr'>Graecarn</span> <span class='ocrx_word' id='word_1_13' title='bbox 714 614 1350 688; x_wconf 83' lang='lat' dir='ltr'>Francofurtanam</span> <span class='ocrx_word' id='word_1_14' title='bbox 1387 631 1736 688; x_wconf 85' lang='lat' dir='ltr'>memorat</span> <span class='ocrx_word' id='word_1_15' title='bbox 1787 615 1895 687; x_wconf 89' lang='lat' dir='ltr'>his</span> <span class='ocrx_word' id='word_1_16' title='bbox 1943 615 2199 703; x_wconf 75' lang='lat' dir='ltr'>verbi5‚</span> 
     </span>
     <span class='ocr_line' id='line_1_4' title="bbox 182 731 2203 831; baseline -0.003 -20"><span class='ocrx_word' id='word_1_17' title='bbox 182 736 513 811; x_wconf 76' lang='lat' dir='ltr'><em>Plutarchus</em></span> <span class='ocrx_word' id='word_1_18' title='bbox 562 739 883 831; x_wconf 80' lang='lat' dir='ltr'><em>eleganter</em></span> <span class='ocrx_word' id='word_1_19' title='bbox 940 748 1005 802; x_wconf 85' lang='lat' dir='ltr'>et</span> <span class='ocrx_word' id='word_1_20' title='bbox 1072 731 1397 804; x_wconf 77' lang='lat' dir='ltr'>emendate</span> <span class='ocrx_word' id='word_1_21' title='bbox 1461 733 1692 816; x_wconf 83' lang='lat' dir='ltr'>editus,</span> <span class='ocrx_word' id='word_1_22' title='bbox 1758 731 1828 802; x_wconf 92' lang='lat' dir='ltr'><em>F</em></span> <span class='ocrx_word' id='word_1_23' title='bbox 1823 735 2203 827; x_wconf 73' lang='lat' dir='ltr'>ranccffurti,</span> 
     </span>
     <span class='ocr_line' id='line_1_5' title="bbox 184 845 2204 949; baseline -0.003 -25"><span class='ocrx_word' id='word_1_24' title='bbox 184 855 367 949; x_wconf 82' lang='lat'>1605,</span> <span class='ocrx_word' id='word_1_25' title='bbox 392 853 515 947; x_wconf 87' lang='lat' dir='ltr'>fol.</span> <span class='ocrx_word' id='word_1_26' title='bbox 554 848 735 943; x_wconf 81' lang='lat' dir='ltr'>apud</span> <span class='ocrx_word' id='word_1_27' title='bbox 764 845 1045 917; x_wconf 87' lang='lat' dir='ltr'>Wechel.</span> <span class='ocrx_word' id='word_1_28' title='bbox 1148 845 1472 916; x_wconf 82' lang='lat' dir='ltr'>Eandem</span> <span class='ocrx_word' id='word_1_29' title='bbox 1509 859 1854 917; x_wconf 85' lang='lat' dir='ltr'>memorat</span> <span class='ocrx_word' id='word_1_30' title='bbox 1890 845 2204 918; x_wconf 67' lang='lat' dir='ltr'>Evam-</span> 
     </span>
     <span class='ocr_line' id='line_1_6' title="bbox 182 959 2200 1060; baseline -0.003 -22"><span class='ocrx_word' id='word_1_31' title='bbox 182 991 299 1038; x_wconf 73' lang='lat' dir='ltr'>·rvs</span> <span class='ocrx_word' id='word_1_32' title='bbox 328 964 397 1037; x_wconf 86' lang='lat' dir='ltr'>in</span> <span class='ocrx_word' id='word_1_33' title='bbox 428 959 924 1060; x_wconf 79' lang='lat' dir='ltr'>Disputatione</span> <span class='ocrx_word' id='word_1_34' title='bbox 964 961 1053 1032; x_wconf 88' lang='lat' dir='ltr'>de</span> <span class='ocrx_word' id='word_1_35' title='bbox 1084 959 1267 1032; x_wconf 88' lang='lat' dir='ltr'>libro</span> <span class='ocrx_word' id='word_1_36' title='bbox 1300 961 1390 1032; x_wconf 88' lang='lat' dir='ltr'>de</span> <span class='ocrx_word' id='word_1_37' title='bbox 1427 959 1732 1046; x_wconf 81' lang='lat' dir='ltr'>Musica,</span> <span class='ocrx_word' id='word_1_38' title='bbox 1785 959 2200 1033; x_wconf 83' lang='lat' dir='ltr'>Memoriar.</span> 
     </span>
     <span class='ocr_line' id='line_1_7' title="bbox 182 1073 2208 1173; baseline -0.001 -20"><span class='ocrx_word' id='word_1_39' title='bbox 182 1078 533 1152; x_wconf 82' lang='lat' dir='ltr'>Academiae</span> <span class='ocrx_word' id='word_1_40' title='bbox 569 1073 895 1170; x_wconf 87' lang='lat' dir='ltr'>Inscript.</span> <span class='ocrx_word' id='word_1_41' title='bbox 936 1087 991 1148; x_wconf 87' lang='lat' dir='ltr'>t.</span> <span class='ocrx_word' id='word_1_42' title='bbox 1020 1074 1165 1147; x_wconf 82' lang='lat' dir='ltr'>viii.</span> <span class='ocrx_word' id='word_1_43' title='bbox 1208 1101 1284 1172; x_wconf 90' lang='lat' dir='ltr'>p.</span> <span class='ocrx_word' id='word_1_44' title='bbox 1310 1101 1397 1168; x_wconf 86' lang='lat'>41</span> <span class='ocrx_word' id='word_1_45' title='bbox 1441 1103 1458 1149; x_wconf 73' lang='grc' dir='ltr'><strong>ε</strong></span> <span class='ocrx_word' id='word_1_46' title='bbox 1514 1074 1631 1148; x_wconf 89' lang='lat' dir='ltr'>sed</span> <span class='ocrx_word' id='word_1_47' title='bbox 1665 1075 1722 1148; x_wconf 90' lang='lat' dir='ltr'>is</span> <span class='ocrx_word' id='word_1_48' title='bbox 1759 1075 2079 1173; x_wconf 86' lang='lat' dir='ltr'>quidem,</span> <span class='ocrx_word' id='word_1_49' title='bbox 2129 1075 2208 1150; x_wconf 82' lang='lat' dir='ltr'>ni</span> 
     </span>
     <span class='ocr_line' id='line_1_8' title="bbox 182 1193 2207 1295; baseline 0 -27"><span class='ocrx_word' id='word_1_50' title='bbox 182 1195 358 1282; x_wconf 79' lang='lat' dir='ltr'>fallor,</span> <span class='ocrx_word' id='word_1_51' title='bbox 404 1195 619 1295; x_wconf 84' lang='lat' dir='ltr'>magis</span> <span class='ocrx_word' id='word_1_52' title='bbox 677 1197 1083 1269; x_wconf 67' lang='lat' dir='ltr'>FAmucn</span> <span class='ocrx_word' id='word_1_53' title='bbox 1136 1193 1583 1281; x_wconf 70' lang='lat' dir='ltr'>auctoritate,</span> <span class='ocrx_word' id='word_1_54' title='bbox 1635 1220 1858 1292; x_wconf 86' lang='lat' dir='ltr'>quam</span> <span class='ocrx_word' id='word_1_55' title='bbox 1905 1193 2028 1268; x_wconf 87' lang='lat' dir='ltr'>sua</span> <span class='ocrx_word' id='word_1_56' title='bbox 2061 1195 2207 1292; x_wconf 82' lang='lat' dir='ltr'>ipse</span> 
     </span>
     <span class='ocr_line' id='line_1_9' title="bbox 180 1309 2206 1408; baseline 0.002 -27"><span class='ocrx_word' id='word_1_57' title='bbox 180 1311 576 1408; x_wconf 84' lang='lat' dir='ltr'>experientia.</span> <span class='ocrx_word' id='word_1_58' title='bbox 680 1311 839 1408; x_wconf 81' lang='lat' dir='ltr'>Ego</span> <span class='ocrx_word' id='word_1_59' title='bbox 898 1334 1027 1382; x_wconf 90' lang='lat' dir='ltr'>nec</span> <span class='ocrx_word' id='word_1_60' title='bbox 1086 1309 1229 1407; x_wconf 88' lang='lat' dir='ltr'>ipse</span> <span class='ocrx_word' id='word_1_61' title='bbox 1288 1336 1444 1384; x_wconf 86' lang='lat' dir='ltr'>eam</span> <span class='ocrx_word' id='word_1_62' title='bbox 1499 1310 1673 1398; x_wconf 83' lang='lat' dir='ltr'>vidi,</span> <span class='ocrx_word' id='word_1_63' title='bbox 1735 1337 1865 1386; x_wconf 87' lang='lat' dir='ltr'>nec</span> <span class='ocrx_word' id='word_1_64' title='bbox 1923 1313 2016 1386; x_wconf 84' lang='lat' dir='ltr'>ab</span> <span class='ocrx_word' id='word_1_65' title='bbox 2065 1313 2206 1386; x_wconf 86' lang='lat' dir='ltr'>alio</span> 
     </span>
     <span class='ocr_line' id='line_1_10' title="bbox 186 1427 2211 1526; baseline 0.002 -24"><span class='ocrx_word' id='word_1_66' title='bbox 186 1449 525 1526; x_wconf 80' lang='lat' dir='ltr'>quoquam,</span> <span class='ocrx_word' id='word_1_67' title='bbox 558 1442 819 1526; x_wconf 76' lang='lat' dir='ltr'>praeter</span> <span class='ocrx_word' id='word_1_68' title='bbox 852 1427 1028 1515; x_wconf 84' lang='lat' dir='ltr'>illos,</span> <span class='ocrx_word' id='word_1_69' title='bbox 1064 1428 1500 1502; x_wconf 84' lang='lat' dir='ltr'>mentionem</span> <span class='ocrx_word' id='word_1_70' title='bbox 1545 1429 1692 1525; x_wconf 84' lang='lat' dir='ltr'>ejus</span> <span class='ocrx_word' id='word_1_71' title='bbox 1723 1427 1984 1504; x_wconf 64' lang='lat' dir='ltr'>factam</span> <span class='ocrx_word' id='word_1_72' title='bbox 2011 1455 2211 1506; x_wconf 88' lang='lat' dir='ltr'>com·</span> 
     </span>
     <span class='ocr_line' id='line_1_11' title="bbox 188 1543 2210 1642; baseline 0.001 -24"><span class='ocrx_word' id='word_1_73' title='bbox 188 1545 337 1640; x_wconf 77' lang='lat' dir='ltr'>pen3</span> <span class='ocrx_word' id='word_1_74' title='bbox 382 1561 463 1621; x_wconf 86' lang='lat' dir='ltr'>ut</span> <span class='ocrx_word' id='word_1_75' title='bbox 514 1545 843 1620; x_wconf 86' lang='lat' dir='ltr'>nondum</span> <span class='ocrx_word' id='word_1_76' title='bbox 891 1543 1069 1618; x_wconf 88' lang='lat' dir='ltr'>mihi</span> <span class='ocrx_word' id='word_1_77' title='bbox 1116 1544 1408 1642; x_wconf 83' lang='lat' dir='ltr'>liqueat,</span> <span class='ocrx_word' id='word_1_78' title='bbox 1459 1571 1707 1620; x_wconf 85' lang='lat' dir='ltr'>verene</span> <span class='ocrx_word' id='word_1_79' title='bbox 1751 1544 1941 1619; x_wconf 84' lang='lat' dir='ltr'>illam</span> <span class='ocrx_word' id='word_1_80' title='bbox 1974 1547 2104 1619; x_wconf 85' lang='lat' dir='ltr'>effe</span> <span class='ocrx_word' id='word_1_81' title='bbox 2139 1562 2210 1620; x_wconf 87' lang='lat' dir='ltr'>et</span> 
     </span>
     <span class='ocr_line' id='line_1_12' title="bbox 186 1657 2214 1751; baseline 0.001 -17"><span class='ocrx_word' id='word_1_82' title='bbox 186 1663 422 1751; x_wconf 80' lang='lat' dir='ltr'>exstare,</span> <span class='ocrx_word' id='word_1_83' title='bbox 492 1689 585 1736; x_wconf 87' lang='lat' dir='ltr'>an</span> <span class='ocrx_word' id='word_1_84' title='bbox 646 1685 875 1734; x_wconf 80' lang='lat' dir='ltr'>errore</span> <span class='ocrx_word' id='word_1_85' title='bbox 928 1676 1002 1734; x_wconf 86' lang='lat' dir='ltr'>et</span> <span class='ocrx_word' id='word_1_86' title='bbox 1052 1660 1221 1734; x_wconf 83' lang='lat' dir='ltr'>falso</span> <span class='ocrx_word' id='word_1_87' title='bbox 1284 1657 1471 1749; x_wconf 82' lang='lat' dir='ltr'>ferri,</span> <span class='ocrx_word' id='word_1_88' title='bbox 1527 1659 1786 1734; x_wconf 86' lang='lat' dir='ltr'>dicam.</span> <span class='ocrx_word' id='word_1_89' title='bbox 1889 1663 2026 1735; x_wconf 87' lang='lat' dir='ltr'>Sed</span> <span class='ocrx_word' id='word_1_90' title='bbox 2075 1665 2214 1736; x_wconf 87' lang='lat' dir='ltr'>hoc</span> 
     </span>
     <span class='ocr_line' id='line_1_13' title="bbox 188 1777 2214 1875; baseline 0 -24"><span class='ocrx_word' id='word_1_91' title='bbox 188 1778 573 1854; x_wconf 80' lang='lat' dir='ltr'>cuicuimodi</span> <span class='ocrx_word' id='word_1_92' title='bbox 622 1781 737 1864; x_wconf 86' lang='lat' dir='ltr'>fit,</span> <span class='ocrx_word' id='word_1_93' title='bbox 790 1803 895 1865; x_wconf 89' lang='lat' dir='ltr'>ea,</span> <span class='ocrx_word' id='word_1_94' title='bbox 942 1792 1030 1851; x_wconf 89' lang='lat' dir='ltr'>ut</span> <span class='ocrx_word' id='word_1_95' title='bbox 1081 1777 1444 1875; x_wconf 70' lang='lat' dir='ltr'>interjecta</span> <span class='ocrx_word' id='word_1_96' title='bbox 1491 1777 1718 1852; x_wconf 82' lang='lat' dir='ltr'>tribus</span> <span class='ocrx_word' id='word_1_97' title='bbox 1762 1777 1892 1850; x_wconf 87' lang='lat' dir='ltr'>illis</span> <span class='ocrx_word' id='word_1_98' title='bbox 1927 1779 2214 1852; x_wconf 86' lang='lat' dir='ltr'>Graeco-</span> 
     </span>
     <span class='ocr_line' id='line_1_14' title="bbox 190 1890 2216 1992; baseline -0.001 -25"><span class='ocrx_word' id='word_1_99' title='bbox 190 1895 435 1984; x_wconf 64' lang='lat' dir='ltr'>latinis,</span> <span class='ocrx_word' id='word_1_100' title='bbox 473 1921 624 1968; x_wconf 88' lang='lat' dir='ltr'>non</span> <span class='ocrx_word' id='word_1_101' title='bbox 660 1890 1083 1992; x_wconf 82' lang='lat' dir='ltr'>peculiarem</span> <span class='ocrx_word' id='word_1_102' title='bbox 1115 1894 1510 1991; x_wconf 86' lang='lat' dir='ltr'>quamdam</span> <span class='ocrx_word' id='word_1_103' title='bbox 1545 1891 2055 1964; x_wconf 82' lang='lat' dir='ltr'>emendationis</span> <span class='ocrx_word' id='word_1_104' title='bbox 2086 1893 2216 1964; x_wconf 91' lang='lat' dir='ltr'>do-</span> 
     </span>
     <span class='ocr_line' id='line_1_15' title="bbox 192 2005 2218 2107; baseline 0 -27"><span class='ocrx_word' id='word_1_105' title='bbox 192 2022 305 2082; x_wconf 78' lang='lat' dir='ltr'>tem</span> <span class='ocrx_word' id='word_1_106' title='bbox 331 2013 604 2096; x_wconf 86' lang='lat' dir='ltr'>habere,</span> <span class='ocrx_word' id='word_1_107' title='bbox 642 2007 760 2081; x_wconf 89' lang='lat' dir='ltr'>sed</span> <span class='ocrx_word' id='word_1_108' title='bbox 792 2029 982 2080; x_wconf 75' lang='lat' dir='ltr'>mere</span> <span class='ocrx_word' id='word_1_109' title='bbox 1008 2008 1337 2107; x_wconf 85' lang='lat' dir='ltr'>repetitio</span> <span class='ocrx_word' id='word_1_110' title='bbox 1366 2005 1819 2107; x_wconf 78' lang='lat' dir='ltr'>Stephaniani</span> <span class='ocrx_word' id='word_1_111' title='bbox 1840 2020 2218 2080; x_wconf 82' lang='lat' dir='ltr'>contextus</span> 
     </span>
    </p>
   </div>
   <div class='ocr_carea' id='block_1_3' title="bbox 193 2126 684 2214">
    <p class='ocr_par' dir='ltr' id='par_1_3' title="bbox 193 2126 684 2214">
     <span class='ocr_line' id='line_1_16' title="bbox 193 2126 684 2214; baseline 0.008 -17"><span class='ocrx_word' id='word_1_112' title='bbox 193 2126 310 2214; x_wconf 85' lang='lat' dir='ltr'>effe,</span> <span class='ocrx_word' id='word_1_113' title='bbox 336 2129 684 2210; x_wconf 67' lang='lat' dir='ltr'>videatur.</span> 
     </span>
    </p>
   </div>
   <div class='ocr_carea' id='block_1_4' title="bbox 554 2334 1818 2528">
    <p class='ocr_par' dir='ltr' id='par_1_4' title="bbox 554 2334 1818 2528">
     <span class='ocr_line' id='line_1_17' title="bbox 1072 2334 1300 2422; baseline -0.004 -23"><span class='ocrx_word' id='word_1_114' title='bbox 1072 2334 1139 2422; x_wconf 64' lang='grc' dir='ltr'>ς.</span> <span class='ocrx_word' id='word_1_115' title='bbox 1190 2351 1215 2398; x_wconf 86' lang='lat'>1</span> <span class='ocrx_word' id='word_1_116' title='bbox 1228 2351 1300 2399; x_wconf 88' lang='lat'>0.</span> 
     </span>
     <span class='ocr_line' id='line_1_18' title="bbox 554 2459 1818 2528; baseline -0.001 -1"><span class='ocrx_word' id='word_1_117' title='bbox 554 2463 658 2528; x_wconf 84' lang='lat' dir='ltr'>De</span> <span class='ocrx_word' id='word_1_118' title='bbox 688 2462 938 2528; x_wconf 77' lang='lat' dir='ltr'>Baebeti</span> <span class='ocrx_word' id='word_1_119' title='bbox 964 2459 1302 2528; x_wconf 71' lang='lat' dir='ltr'>Mziriaci</span> <span class='ocrx_word' id='word_1_120' title='bbox 1328 2461 1818 2526; x_wconf 78' lang='lat' dir='ltr'><em>emendationibus.</em></span> 
     </span>
    </p>
   </div>
   <div class='ocr_carea' id='block_1_5' title="bbox 202 2593 2246 4322">
    <p class='ocr_par' dir='ltr' id='par_1_5' title="bbox 202 2593 2246 4322">
     <span class='ocr_line' id='line_1_19' title="bbox 272 2593 2221 2694; baseline 0.005 -28"><span class='ocrx_word' id='word_1_121' title='bbox 272 2593 410 2686; x_wconf 86' lang='lat' dir='ltr'>Jarn</span> <span class='ocrx_word' id='word_1_122' title='bbox 452 2597 625 2674; x_wconf 87' lang='lat' dir='ltr'>licet</span> <span class='ocrx_word' id='word_1_123' title='bbox 675 2599 765 2672; x_wconf 87' lang='lat' dir='ltr'>ad</span> <span class='ocrx_word' id='word_1_124' title='bbox 815 2597 1265 2672; x_wconf 83' lang='lat' dir='ltr'>emendatam</span> <span class='ocrx_word' id='word_1_125' title='bbox 1312 2594 1728 2694; x_wconf 86' lang='lat' dir='ltr'>scripturam</span> <span class='ocrx_word' id='word_1_126' title='bbox 1763 2597 2221 2675; x_wconf 84' lang='lat' dir='ltr'>Plutarcheo·</span> 
     </span>
     <span class='ocr_line' id='line_1_20' title="bbox 202 2709 2224 2814; baseline 0.002 -33"><span class='ocrx_word' id='word_1_127' title='bbox 202 2729 325 2781; x_wconf 84' lang='lat' dir='ltr'>rum</span> <span class='ocrx_word' id='word_1_128' title='bbox 366 2713 707 2788; x_wconf 88' lang='lat' dir='ltr'>librorum</span> <span class='ocrx_word' id='word_1_129' title='bbox 754 2738 903 2788; x_wconf 92' lang='lat' dir='ltr'>non</span> <span class='ocrx_word' id='word_1_130' title='bbox 952 2737 1375 2814; x_wconf 80' lang='lat' dir='ltr'>magnopere</span> <span class='ocrx_word' id='word_1_131' title='bbox 1418 2709 1818 2809; x_wconf 64' lang='lat' dir='ltr'>profectum</span> <span class='ocrx_word' id='word_1_132' title='bbox 1857 2713 2048 2800; x_wconf 83' lang='lat' dir='ltr'>effet,</span> <span class='ocrx_word' id='word_1_133' title='bbox 2099 2739 2224 2786; x_wconf 84' lang='lat' dir='ltr'>ex-</span> 
     </span>
     <span class='ocr_line' id='line_1_21' title="bbox 204 2826 2226 2926; baseline 0.002 -30"><span class='ocrx_word' id='word_1_134' title='bbox 204 2829 387 2922; x_wconf 79' lang='lat' dir='ltr'>empla</span> <span class='ocrx_word' id='word_1_135' title='bbox 416 2845 660 2904; x_wconf 85' lang='lat' dir='ltr'>tamen</span> <span class='ocrx_word' id='word_1_136' title='bbox 693 2855 940 2904; x_wconf 87' lang='lat' dir='ltr'>eorum</span> <span class='ocrx_word' id='word_1_137' title='bbox 970 2830 1145 2902; x_wconf 84' lang='lat' dir='ltr'>adeo</span> <span class='ocrx_word' id='word_1_138' title='bbox 1177 2843 1371 2900; x_wconf 86' lang='lat' dir='ltr'>erant</span> <span class='ocrx_word' id='word_1_139' title='bbox 1405 2827 1660 2914; x_wconf 86' lang='lat' dir='ltr'>multa,</span> <span class='ocrx_word' id='word_1_140' title='bbox 1693 2827 1869 2900; x_wconf 88' lang='lat' dir='ltr'>adeo</span> <span class='ocrx_word' id='word_1_141' title='bbox 1901 2826 2226 2926; x_wconf 89' lang='lat' dir='ltr'>frequen·</span> 
     </span>
     <span class='ocr_line' id='line_1_22' title="bbox 206 2933 2229 3040; baseline 0.003 -32"><span class='ocrx_word' id='word_1_142' title='bbox 206 2933 293 3023; x_wconf 83' lang='lat' dir='ltr'>tia,</span> <span class='ocrx_word' id='word_1_143' title='bbox 338 2956 413 3015; x_wconf 84' lang='lat' dir='ltr'>ut</span> <span class='ocrx_word' id='word_1_144' title='bbox 466 2946 561 3017; x_wconf 79' lang='lat' dir='ltr'>ab</span> <span class='ocrx_word' id='word_1_145' title='bbox 617 2943 738 3016; x_wconf 88' lang='lat' dir='ltr'>illo</span> <span class='ocrx_word' id='word_1_146' title='bbox 794 2957 1119 3040; x_wconf 87' lang='lat' dir='ltr'>tempore</span> <span class='ocrx_word' id='word_1_147' title='bbox 1170 2941 1263 3014; x_wconf 83' lang='lat' dir='ltr'>ad</span> <span class='ocrx_word' id='word_1_148' title='bbox 1314 2939 1624 3013; x_wconf 84' lang='lat' dir='ltr'>nostram</span> <span class='ocrx_word' id='word_1_149' title='bbox 1675 2939 1964 3013; x_wconf 71' lang='lat' dir='ltr'>aetatem</span> <span class='ocrx_word' id='word_1_150' title='bbox 2013 2964 2229 3014; x_wconf 86' lang='lat' dir='ltr'>nemo</span> 
     </span>
     <span class='ocr_line' id='line_1_23' title="bbox 206 3050 2228 3154; baseline 0.004 -33"><span class='ocrx_word' id='word_1_151' title='bbox 206 3050 545 3154; x_wconf 83' lang='lat' dir='ltr'>bibliopola</span> <span class='ocrx_word' id='word_1_152' title='bbox 582 3085 843 3134; x_wconf 79' lang='lat' dir='ltr'>novam</span> <span class='ocrx_word' id='word_1_153' title='bbox 878 3057 1319 3143; x_wconf 86' lang='lat' dir='ltr'>Editionem‚</span> <span class='ocrx_word' id='word_1_154' title='bbox 1356 3057 1683 3130; x_wconf 80' lang='lat' dir='ltr'>Graecam</span> <span class='ocrx_word' id='word_1_155' title='bbox 1717 3053 2035 3152; x_wconf 88' lang='lat' dir='ltr'>quidem,</span> <span class='ocrx_word' id='word_1_156' title='bbox 2069 3055 2228 3130; x_wconf 83' lang='lat' dir='ltr'>uni-</span> 
     </span>
     <span class='ocr_line' id='line_1_24' title="bbox 206 3167 2232 3274; baseline 0.006 -40"><span class='ocrx_word' id='word_1_157' title='bbox 206 3167 508 3247; x_wconf 75' lang='lat' dir='ltr'>versorum</span> <span class='ocrx_word' id='word_1_158' title='bbox 544 3175 874 3272; x_wconf 85' lang='lat' dir='ltr'>Operum</span> <span class='ocrx_word' id='word_1_159' title='bbox 910 3170 1142 3247; x_wconf 87' lang='lat' dir='ltr'>moliri</span> <span class='ocrx_word' id='word_1_160' title='bbox 1176 3171 1494 3259; x_wconf 84' lang='lat' dir='ltr'>auderet,</span> <span class='ocrx_word' id='word_1_161' title='bbox 1529 3185 1600 3244; x_wconf 88' lang='lat' dir='ltr'>et</span> <span class='ocrx_word' id='word_1_162' title='bbox 1634 3169 1766 3244; x_wconf 85' lang='lat' dir='ltr'>viri</span> <span class='ocrx_word' id='word_1_163' title='bbox 1795 3170 1988 3246; x_wconf 68' lang='lat' dir='ltr'>docti</span> <span class='ocrx_word' id='word_1_164' title='bbox 2023 3173 2072 3246; x_wconf 89' lang='lat' dir='ltr'>fi</span> <span class='ocrx_word' id='word_1_165' title='bbox 2104 3173 2232 3274; x_wconf 86' lang='lat' dir='ltr'>qui</span> 
     </span>
     <span class='ocr_line' id='line_1_25' title="bbox 206 3281 2230 3388; baseline 0.003 -29"><span class='ocrx_word' id='word_1_166' title='bbox 206 3281 309 3359; x_wconf 88' lang='lat' dir='ltr'>hoc</span> <span class='ocrx_word' id='word_1_167' title='bbox 332 3290 695 3388; x_wconf 80' lang='lat' dir='ltr'>agitarent,</span> <span class='ocrx_word' id='word_1_168' title='bbox 749 3291 845 3364; x_wconf 93' lang='lat' dir='ltr'>ob</span> <span class='ocrx_word' id='word_1_169' title='bbox 896 3291 1193 3364; x_wconf 85' lang='lat' dir='ltr'>eandem</span> <span class='ocrx_word' id='word_1_170' title='bbox 1241 3287 1550 3362; x_wconf 77' lang='lat' dir='ltr'>caussam</span> <span class='ocrx_word' id='word_1_171' title='bbox 1583 3289 1674 3362; x_wconf 82' lang='lat' dir='ltr'>ab</span> <span class='ocrx_word' id='word_1_172' title='bbox 1711 3287 1998 3387; x_wconf 89' lang='lat' dir='ltr'>incepto</span> <span class='ocrx_word' id='word_1_173' title='bbox 2029 3289 2230 3365; x_wconf 80' lang='lat' dir='ltr'>desis-</span> 
     </span>
     <span class='ocr_line' id='line_1_26' title="bbox 209 3404 2234 3508; baseline 0.003 -34"><span class='ocrx_word' id='word_1_174' title='bbox 209 3413 413 3480; x_wconf 82' lang='lat' dir='ltr'>terent.</span> <span class='ocrx_word' id='word_1_175' title='bbox 531 3409 730 3506; x_wconf 87' lang='lat' dir='ltr'>Ergo</span> <span class='ocrx_word' id='word_1_176' title='bbox 798 3409 888 3480; x_wconf 86' lang='lat' dir='ltr'>ad</span> <span class='ocrx_word' id='word_1_177' title='bbox 951 3405 1375 3482; x_wconf 88' lang='lat' dir='ltr'>vertendum</span> <span class='ocrx_word' id='word_1_178' title='bbox 1439 3404 1518 3479; x_wconf 89' lang='lat' dir='ltr'>in</span> <span class='ocrx_word' id='word_1_179' title='bbox 1577 3405 1896 3506; x_wconf 82' lang='lat' dir='ltr'>vulgares</span> <span class='ocrx_word' id='word_1_180' title='bbox 1959 3407 2234 3508; x_wconf 85' lang='lat' dir='ltr'>linguas</span> 
     </span>
     <span class='ocr_line' id='line_1_27' title="bbox 214 3511 2239 3622; baseline 0.005 -36"><span class='ocrx_word' id='word_1_181' title='bbox 214 3511 629 3596; x_wconf 83' lang='lat' dir='ltr'>Plutarchum</span> <span class='ocrx_word' id='word_1_182' title='bbox 666 3521 987 3595; x_wconf 86' lang='lat' dir='ltr'>nonnulli</span> <span class='ocrx_word' id='word_1_183' title='bbox 1014 3520 1081 3593; x_wconf 88' lang='lat' dir='ltr'>se</span> <span class='ocrx_word' id='word_1_184' title='bbox 1116 3521 1488 3596; x_wconf 86' lang='lat' dir='ltr'>dederunt.</span> <span class='ocrx_word' id='word_1_185' title='bbox 1546 3525 1682 3598; x_wconf 86' lang='lat' dir='ltr'>Sed</span> <span class='ocrx_word' id='word_1_186' title='bbox 1715 3525 2002 3613; x_wconf 89' lang='lat' dir='ltr'>horum,</span> <span class='ocrx_word' id='word_1_187' title='bbox 2038 3525 2239 3622; x_wconf 88' lang='lat' dir='ltr'>quod</span> 
     </span>
     <span class='ocr_line' id='line_1_28' title="bbox 216 3631 2238 3740; baseline 0.004 -35"><span class='ocrx_word' id='word_1_188' title='bbox 216 3631 502 3726; x_wconf 80' lang='lat' dir='ltr'>equidem</span> <span class='ocrx_word' id='word_1_189' title='bbox 534 3637 774 3725; x_wconf 83' lang='lat' dir='ltr'>sciam,</span> <span class='ocrx_word' id='word_1_190' title='bbox 812 3663 960 3711; x_wconf 87' lang='lat' dir='ltr'>non</span> <span class='ocrx_word' id='word_1_191' title='bbox 994 3635 1117 3712; x_wconf 81' lang='lat' dir='ltr'>nifi</span> <span class='ocrx_word' id='word_1_192' title='bbox 1167 3639 1315 3712; x_wconf 89' lang='lat' dir='ltr'>duo</span> <span class='ocrx_word' id='word_1_193' title='bbox 1346 3637 1635 3714; x_wconf 84' lang='lat' dir='ltr'>fuerunt</span> <span class='ocrx_word' id='word_1_194' title='bbox 1669 3641 1794 3740; x_wconf 88' lang='lat' dir='ltr'>qui</span> <span class='ocrx_word' id='word_1_195' title='bbox 1829 3641 2100 3740; x_wconf 84' lang='lat' dir='ltr'>aliquid</span> <span class='ocrx_word' id='word_1_196' title='bbox 2133 3640 2238 3714; x_wconf 83' lang='lat' dir='ltr'>in-</span> 
     </span>
     <span class='ocr_line' id='line_1_29' title="bbox 216 3753 2241 3854; baseline 0.006 -36"><span class='ocrx_word' id='word_1_197' title='bbox 216 3755 507 3828; x_wconf 86' lang='lat' dir='ltr'>crementi</span> <span class='ocrx_word' id='word_1_198' title='bbox 555 3753 905 3831; x_wconf 78' lang='lat' dir='ltr'>adferrent</span> <span class='ocrx_word' id='word_1_199' title='bbox 956 3753 1434 3830; x_wconf 82' lang='lat' dir='ltr'>emendationi</span> <span class='ocrx_word' id='word_1_200' title='bbox 1483 3783 1564 3830; x_wconf 88' lang='lat' dir='ltr'>ac</span> <span class='ocrx_word' id='word_1_201' title='bbox 1609 3757 1992 3854; x_wconf 82' lang='lat' dir='ltr'>scripturae,</span> <span class='ocrx_word' id='word_1_202' title='bbox 2047 3773 2241 3833; x_wconf 88' lang='lat' dir='ltr'>uter·</span> 
     </span>
     <span class='ocr_line' id='line_1_30' title="bbox 224 3871 2244 3961; baseline 0 -16"><span class='ocrx_word' id='word_1_203' title='bbox 224 3883 333 3954; x_wconf 75' lang='lat' dir='ltr'>que</span> <span class='ocrx_word' id='word_1_204' title='bbox 377 3871 638 3961; x_wconf 67' lang='lat' dir='ltr'>Gallus„</span> <span class='ocrx_word' id='word_1_205' title='bbox 692 3873 1135 3948; x_wconf 76' lang='lat' dir='ltr'>CLAtrmus</span> <span class='ocrx_word' id='word_1_206' title='bbox 1186 3875 1620 3948; x_wconf 76' lang='lat' dir='ltr'>BAcHE‘rus</span> <span class='ocrx_word' id='word_1_207' title='bbox 1655 3873 2244 3960; x_wconf 68' lang='grc' dir='ltr'><strong>ΜΕΖῙΜΑευε,</strong></span> 
     </span>
     <span class='ocr_line' id='line_1_31' title="bbox 226 3985 2246 4088; baseline 0.004 -32"><span class='ocrx_word' id='word_1_208' title='bbox 226 3992 281 4046; x_wconf 86' lang='lat' dir='ltr'>et</span> <span class='ocrx_word' id='word_1_209' title='bbox 310 3985 672 4074; x_wconf 67' lang='lat' dir='ltr'>AuanAs</span> <span class='ocrx_word' id='word_1_210' title='bbox 711 3989 1168 4064; x_wconf 77' lang='lat' dir='ltr'>DAcERan.</span> <span class='ocrx_word' id='word_1_211' title='bbox 1274 3995 1384 4063; x_wconf 90' lang='lat' dir='ltr'>Ac</span> <span class='ocrx_word' id='word_1_212' title='bbox 1418 3991 1507 4064; x_wconf 87' lang='lat' dir='ltr'>de</span> <span class='ocrx_word' id='word_1_213' title='bbox 1553 3993 1968 4077; x_wconf 77' lang='lat' dir='ltr'>DACERIO,</span> <span class='ocrx_word' id='word_1_214' title='bbox 2020 4013 2246 4088; x_wconf 88' lang='lat' dir='ltr'>quan·</span> 
     </span>
     <span class='ocr_line' id='line_1_32' title="bbox 227 4087 2243 4204; baseline 0.006 -36"><span class='ocrx_word' id='word_1_215' title='bbox 227 4087 301 4160; x_wconf 76' lang='lat'>(10</span> <span class='ocrx_word' id='word_1_216' title='bbox 324 4119 452 4172; x_wconf 85' lang='lat' dir='ltr'>non</span> <span class='ocrx_word' id='word_1_217' title='bbox 484 4100 602 4174; x_wconf 88' lang='lat' dir='ltr'>nifi</span> <span class='ocrx_word' id='word_1_218' title='bbox 636 4107 825 4176; x_wconf 85' lang='lat' dir='ltr'>Vitas</span> <span class='ocrx_word' id='word_1_219' title='bbox 853 4103 1092 4192; x_wconf 79' lang='lat' dir='ltr'>vertit,</span> <span class='ocrx_word' id='word_1_220' title='bbox 1140 4129 1287 4177; x_wconf 87' lang='lat' dir='ltr'>non</span> <span class='ocrx_word' id='word_1_221' title='bbox 1332 4104 1432 4177; x_wconf 90' lang='lat' dir='ltr'>est</span> <span class='ocrx_word' id='word_1_222' title='bbox 1464 4107 1661 4204; x_wconf 90' lang='lat' dir='ltr'>quod</span> <span class='ocrx_word' id='word_1_223' title='bbox 1696 4107 1830 4179; x_wconf 90' lang='lat' dir='ltr'>hoc</span> <span class='ocrx_word' id='word_1_224' title='bbox 1863 4108 2020 4180; x_wconf 89' lang='lat' dir='ltr'>loco</span> <span class='ocrx_word' id='word_1_225' title='bbox 2053 4105 2243 4180; x_wconf 86' lang='lat' dir='ltr'>dica-</span> 
     </span>
     <span class='ocr_line' id='line_1_33' title="bbox 232 4217 2243 4322; baseline 0.006 -39"><span class='ocrx_word' id='word_1_226' title='bbox 232 4225 377 4284; x_wconf 82' lang='lat' dir='ltr'>mus.</span> <span class='ocrx_word' id='word_1_227' title='bbox 470 4217 1015 4300; x_wconf 65' lang='lat' dir='ltr'>annuactrs</span> <span class='ocrx_word' id='word_1_228' title='bbox 1074 4239 1468 4321; x_wconf 82' lang='lat' dir='ltr'>utrumque</span> <span class='ocrx_word' id='word_1_229' title='bbox 1529 4220 1849 4322; x_wconf 79' lang='lat' dir='ltr'>agitavit,</span> <span class='ocrx_word' id='word_1_230' title='bbox 1909 4237 2243 4298; x_wconf 86' lang='lat' dir='ltr'>neutrum</span> 
     </span>
    </p>
   </div>
   <div class='ocr_carea' id='block_1_6' title="bbox 2765 7 2769 558">
    <p class='ocr_par' dir='ltr' id='par_1_6' title="bbox 2765 7 2769 558">
     <span class='ocr_line' id='line_1_34' title="bbox 2765 7 2769 558; baseline 0 0"><span class='ocrx_word' id='word_1_231' title='bbox 2765 7 2769 558; x_wconf 95' lang='lat' dir='ltr'> </span> 
     </span>
    </p>
   </div>
   <div class='ocr_carea' id='block_1_7' title="bbox 2764 1663 2769 2520">
    <p class='ocr_par' dir='ltr' id='par_1_7' title="bbox 2764 1663 2769 2520">
     <span class='ocr_line' id='line_1_35' title="bbox 2764 1663 2769 2520; baseline 0 0"><span class='ocrx_word' id='word_1_232' title='bbox 2764 1663 2769 2520; x_wconf 95' lang='lat' dir='ltr'> </span> 
     </span>
    </p>
   </div>
  </div>
 </body>
</html>
