2842 4784
808 263 1736 344 PRAEFATlo.
2153 266 2321 342 cxix

250 461 457 533 catus,
516 473 687 522 cum
740 445 1099 546 antiquior
1152 446 1456 534 videtur,
1511 461 1670 522 tum
1733 473 1926 522 vero·
1955 449 2186 546 plures
2245 465 2318 526 et

246 565 695 640 Plutarcheos
732 563 1005 638 libellos
1034 578 1109 636 et
1146 563 1361 636 bonas
1394 561 1726 634 lectiones
1759 561 2102 636 continet.

332 682 529 782 Ergo
564 679 865 754 minime
895 681 1460 753 contemnendus
1507 679 1608 752 est
1643 679 1768 758 ,hic
1797 681 2145 758 variarum
2178 685 2317 758 lec-

244 795 522 870 tionum
595 796 851 883 Index,
926 821 1053 868 nec
1118 793 1546 890 abjiciendus
1613 811 1982 894 tamquam
2051 796 2317 898 fanago

246 911 805 1010 quisquiliarum,
857 927 941 984 ut
998 909 1219 986 facere
1280 937 1360 984 ac
1412 909 1642 986 dicere
1701 911 2020 986 nonnulli
2071 913 2310 988 solent.

246 1029 371 1100 Sed
399 1027 477 1102 hi
506 1028 651 1101 fere
684 1029 849 1102 sunt
886 1025 933 1099 ii
966 1026 1089 1124 qui
1116 1026 1349 1100 subito
1375 1027 1699 1102 editionis
1725 1029 2316 1106 emendationisve

242 1144 523 1218 consilio
584 1143 657 1216 in
712 1145 908 1218 hunc
970 1143 1287 1218 Iudicem
1342 1159 1714 1244 tamquam
1768 1145 1842 1222 in
1893 1147 2192 1246 segetem
2246 1149 2320 1222 se·

250 1259 631 1354 conjiciunt
698 1259 827 1333 ubi
894 1261 1318 1356 pabulentur
1384 1287 1466 1334 ac
1529 1263 1930 1338 breviffirno
1997 1282 2314 1362 tempore

252 1377 615 1450 conectam
644 1374 1030 1472 scriptionis
1080 1376 1444 1450 materiam
1490 1377 1830 1452 auferant.
1935 1378 2318 1458 Enimvero

248 1513 537 1588 campus
589 1491 706 1566 hic
762 1488 863 1563 est
918 1490 1240 1565 horridus
1288 1507 1359 1566 et
1412 1491 1720 1568 incultus
1772 1493 1900 1568 ubi
1932 1494 2058 1567 sub
2091 1495 2318 1570 herbis

250 1633 329 1680 ac
357 1605 569 1704 spinis
600 1609 866 1681 lateant
900 1605 1181 1692 semina,
1228 1633 1388 1706 quae
1425 1633 1592 1681 cum
1637 1607 1908 1706 judicio
1943 1609 2216 1684 delecta
2245 1624 2317 1684 et

252 1741 515 1812 curata,
581 1725 779 1800 haud
846 1726 1454 1798 contemnendum
1523 1723 1742 1798 ferant
1812 1725 2319 1800 emendationis

256 1839 583 1916 fructum.
686 1841 876 1914 Haec
910 1838 1155 1912 Editio
1188 1840 1295 1912 bis
1328 1841 1654 1936 deinceps
1697 1840 1992 1936 repetita
2025 1841 2147 1928 est,
2199 1867 2319 1914 eo-

258 1957 419 2030 dem
473 1959 827 2054 exempIO,
892 1957 1141 2030 eodem
1193 1955 1614 2054 paginarum
1663 1981 1744 2029 ac
1798 1955 2126 2030 versuum
2180 1983 2318 2031 nu-

264 2097 471 2160 mero,
522 2074 771 2146 eadem
832 2087 1169 2168 typorum
1226 2070 1498 2157 forma3
1581 2071 1704 2146 nifi
1759 2073 1958 2170 quod
2019 2090 2322 2174 utraque

266 2187 571 2284 repetitio
600 2187 873 2286 aliquid
906 2213 1108 2262 novae
1144 2188 1534 2262 acceffionis
1570 2189 1844 2263 habuit.

360 2304 585 2380 Prima
618 2301 943 2402 repetitio
979 2302 1161 2378 faeta
1192 2303 1318 2391 est,
1354 2309 1416 2376 in
1451 2305 1690 2396 qfficina
1716 2305 2019 2378 Danielis
2051 2333 2128 2379 ac
2161 2307 2319 2379 Da·

270 2419 434 2490 w'dis
484 2419 868 2494 Aubriorum
928 2437 991 2492 et
1056 2421 1387 2494 Clementis
1457 2425 1502 2494 S
1505 2420 1806 2508 chletchu
1876 2422 1949 2496 F
1941 2425 2320 2519 rancofurtt

272 2561 413 2608 anno
468 2538 677 2610 1620.
782 2533 1057 2608 Omifl'a
1106 2534 1229 2621 est,
1282 2535 1357 2608 in
1411 2561 1574 2608 meo
1623 2535 1916 2633 quidem
1963 2538 2318 2632 exemplo,

276 2646 567 2742 prefatio
616 2650 711 2724 ad
763 2651 1312 2726 VuLcoBmMz
1368 2649 1652 2747 ejusque
1699 2653 1860 2724 loco
1911 2649 2042 2724 alia
2079 2650 2324 2728 addita

274 2764 355 2836 ad
403 2767 739 2841 Senatum
782 2763 1111 2842 Civitatis
1160 2765 1754 2840 Francofurtanae.
1858 2765 2178 2840 Additus
2223 2765 2324 2840 est

282 2877 492 2969 etiam,
540 2880 881 2956 nimirum
928 2903 1013 2956 ut
1062 2883 1236 2956 haec¹
1262 2881 1508 2956 Editio
1543 2881 1850 2978 priorem
1885 2879 2118 2978 aliqua
2147 2883 2319 2956 dote

282 2993 619 3093 superaret,
670 2998 965 3096 spuriuS,
1016 2998 1143 3097 qui
1189 2998 1317 3072 sub
1352 2997 1716 3073 Plutarchi
1749 2994 2050 3069 nomine·
2077 2994 2320 3087 fertur,

280 3109 521 3188 libellus
551 3117 632 3188 de
668 3117 1083 3202 Fluminibus,
1136 3141 1307 3190 cum
1340 3115 1668 3213 Matffaci
1709 3111 1908 3186 Notis
1951 3126 2026 3185 et
2065 3112 2322 3204 Judicio

282 3229 349 3297 de
392 3231 731 3304 Plutarcho
788 3249 850 3304 et
898 3235 1027 3330 ejus
1061 3233 1345 3330 scriptis.
1454 3233 1540 3304 In
1589 3230 1726 3302 hoc
1759 3227 2072 3324 Judicio,
2124 3229 2326 3327 quod
2399 3282 2406 3290 ·

282 3342 668 3435 praefationis
715 3344 925 3419 instar
974 3345 1189 3419 Notis
1232 3343 1717 3472 praemittitur,
1757 3343 1980 3440 docta
2029 3342 2322 3442 quidem

284 3454 369 3531 est
406 3460 811 3558 loquacitaS,
858 3459 1239 3555 judicium,
1290 3459 1616 3534 criticum
1661 3485 1701 3534 c
1744 3474 1872 3546 rte,
1923 3461 2128 3533 valde
2171 3483 2321 3532 me-

287 3569 508 3650 diocte.
594 3575 955 3653 Prodierat
991 3579 1140 3652 haec
1176 3578 1614 3650 MAussAcr
1655 3572 1901 3661 editio,
1935 3599 2104 3647 cum
2147 3572 2324 3644 Vibio

294 3687 589 3786 Stquestro,
623 3718 706 3768 ac
740 3695 941 3794 Psello
976 3694 1057 3768 de
1090 3693 1476 3790 Lapidibus,
1514 3689 1794 3766 Tolosae
1837 3715 1864 3761 1
1881 3693 1961 3760 61
1980 3711 2046 3785 5.

380 3807 601 3880 Altera
630 3808 958 3907 repetitio
990 3808 1250 3907 prodiit
1285 3807 1550 3882 Parisiis
1585 3830 1774 3881 anno
1819 3806 2040 3895 1624:
2079 3803 2326 3880 addito

307 3915 615 4006 Joamus
662 3927 1009 4000 Reum
1078 3923 1259 3998 libro
1310 3925 1391 3998 de
1451 3927 1604 3996 Vita
1657 3917 1998 3994 Plutarchi
2041 3933 2114 3991 et
2161 3921 2322 3994 Am·-

311 4034 779 4130 madverstonibus
828 4039 1137 4138 ejusdem
1190 4038 1265 4112 in
1326 4039 1798 4114 Plutarchum
1835 4069 1859 4122 3
1929 4045 2014 4108 ut
2071 4033 2323 4112 scilicet

318 4142 437 4223 haec
464 4153 655 4234 etiam
690 4157 1018 4256 repetitio
1044 4155 1371 4257 priorem
1420 4180 1616 4231 nova
1661 4155 1972 4256 quadam
2005 4159 2320 4233 accessio-

1228 4275 1280 4348 h
1312 4301 1365 4368 4
1503 4355 1506 4361 ,
