2842 4784
619 308 886 387 cxxxiv
1181 304 2116 383 PRAEFATIO.

619 493 902 570 ademi:
957 490 1266 587 ejusdem
1315 488 1741 591 inventionis
1785 492 1932 565 laus
1978 494 2023 564 fi
2066 491 2215 586 jam
2262 516 2303 561 a
2347 488 2673 587 prioribus

621 628 969 707 occupata
1023 608 1218 693 effet,
1273 630 1430 678 eam
1488 628 1657 679 cum
1710 602 1858 701 ipso
1916 603 2087 677 item
2144 600 2669 677 communicavi.

621 724 822 799 Hinc
879 724 988 809 fit,
1047 736 1133 795 ut
1184 722 1531 795 Rmsxu
1594 744 1855 793 nomen
1910 732 2057 791 tam
2115 720 2197 791 fit
2248 717 2566 815 frequens
2606 715 2672 787 in

619 839 862 913 nostris
900 836 1531 926 AnnotationibuS,
1582 858 1653 910 et
1705 838 1939 911 multo
1989 834 2428 933 frequentius
2472 858 2673 933 quam

619 980 749 1051 pro
783 978 868 1028 eo
894 970 1256 1067 quantum
1287 952 1350 1025 ei
1377 954 1701 1027 debetur

719 1044 916 1146 Haec
963 1086 1046 1143 ut
1105 1070 1436 1159 dicerem,
1492 1069 1795 1144 instituti
1852 1070 1990 1145 mei
2047 1068 2223 1143 ratio
2281 1065 2665 1168 postulavit.

619 1191 718 1261 Et
752 1190 886 1261 fine
919 1189 1437 1263 obtrectatione
1470 1214 1584 1261 me
1616 1187 1888 1273 dixiffe,
1924 1186 2131 1283 periti
2168 1186 2417 1285 sponte
2446 1186 2670 1285 agnos·

613 1317 800 1377 cent.
905 1304 1090 1377 Illud
1122 1303 1334 1377 etiam
1378 1306 1591 1390 addc,
1644 1330 1799 1377 eam
1852 1302 1924 1375 in
1975 1307 2335 1379 Rursmo
2374 1302 2569 1378 fuiffe
2597 1320 2661 1375 et

618 1418 957 1494 doetrinae
1011 1420 1421 1495 varietatem
1480 1435 1552 1495 et
1610 1420 1867 1521 ingenii
1925 1420 2399 1509 velocitatem,
2455 1447 2495 1493 a
2546 1445 2675 1517 qua

621 1565 737 1613 me
768 1542 1016 1637 procul
1048 1542 1272 1614 abeffe
1305 1539 1545 1614 fatear.
1651 1542 1765 1613 Ex
1813 1539 2466 1626 innumerabilibu5‚
2516 1563 2671 1636 quas

620 1654 714 1727 ad
765 1652 1262 1729 emendandos
1301 1658 1587 1730 Graecos
1657 1658 1999 1729 Auctores
2068 1656 2351 1743 effudit,
2421 1654 2677 1749 conjec-

621 1769 825 1859 turis,
879 1774 924 1845 fi
959 1773 1314 1847 delectum
1349 1772 1608 1847 feciffet
1636 1773 2065 1870 optimarum
2100 1774 2353 1873 easque
2388 1800 2549 1847 cum
2584 1797 2673 1843 ra-

622 1885 818 1959 tione
854 1901 922 1960 et
957 1886 1301 1985 elegantia
1333 1887 1797 1985 explicuisset,
1850 1888 2207 1987 egregium
2260 1904 2533 1987 poterat
2569 1912 2677 1957 ex·

621 2003 810 2099 plere
839 2004 1198 2091 volumen,
1251 2028 1431 2100 opus
1476 2003 1615 2077 fere
1650 2004 2093 2102 palmarium,
2146 2008 2349 2103 quod
2397 2007 2548 2102 plus
2596 2002 2672 2073 ad

619 2115 826 2191 famae
857 2118 1366 2213 perennitatem
1401 2119 1719 2193 valuifl'et
1766 2146 1984 2216 quam
2034 2120 2168 2195 illae
2221 2122 2670 2219 deproperatae

621 2231 964 2307 editiones
1023 2246 1096 2305 et
1162 2248 1430 2307 caeterae
1500 2232 1925 2330 scriptioneS.
2032 2238 2457 2334 Numquam
2522 2257 2671 2305 eum
2717 2302 2718 2339 3

619 2346 792 2421 vidi.
891 2350 1026 2423 Sed
1061 2348 1459 2422 conciliavit
1497 2375 1877 2424 commune
1918 2350 2320 2427 Literarum
2353 2349 2666 2429 studium,

619 2461 984 2559 postremis
1013 2462 1160 2560 ejus
1190 2463 1412 2551 annis,
1446 2466 1833 2563 quamdam
1861 2465 2042 2541 inter
2072 2494 2201 2542 nos
2230 2495 2350 2567 per
2376 2464 2672 2563 epistolas

621 2576 952 2653 notitiam
988 2594 1058 2652 et
1091 2578 1698 2655 consuetudinem.
1804 2585 2114 2657 Favebat
2166 2581 2467 2658 nascenti
2516 2602 2671 2652 meae

619 2692 838 2768 laudi.
944 2695 1400 2769 Accedebant
1450 2695 1665 2770 animi
1712 2695 2031 2785 virtutes,
2082 2726 2245 2797 quae
2298 2724 2460 2772 eum
2492 2719 2666 2767 corn·
2715 2710 2716 2793 ξ

621 2794 1080 2885 mendarent:
1139 2809 1212 2883 in
1245 2808 1511 2909 quibus
1544 2814 1928 2886 excellebat
1982 2816 2245 2889 candor
2281 2829 2350 2887 et
2384 2806 2672 2885 veritatis

619 2951 841 2999 amor.
947 2930 1154 3025 Ergo
1174 2941 1246 3001 et
1281 2926 1530 3001 vivum
1572 2924 1814 3014 dilexi,
1866 2943 1936 3001 et
1978 2930 2243 3005 mortui
2280 2924 2670 3003 memoriam

621 3066 793 3114 curn
826 3040 1302 3116 benivolentia
1339 3044 1553 3117 colui.
1660 3047 1755 3117 Et
1790 3048 2077 3142 quando
2115 3072 2307 3121 nunc
2342 3048 2426 3119 de
2462 3068 2541 3116 eo
2575 3038 2667 3112 di-

622 3156 934 3228 cendum
966 3155 1130 3244 fuit,
1185 3156 1282 3229 ita
1317 3184 1432 3231 me
1481 3157 1629 3252 ejus
1664 3158 2017 3232 memoriae
2052 3159 2533 3234 consulturum
2562 3176 2671 3225 ex·

627 3266 952 3354 istimavi,
1006 3273 1054 3344 fi
1099 3296 1227 3345 nec
1271 3272 1579 3345 dicerem
1612 3297 1738 3347 nec
1774 3287 2076 3348 tacerem
2104 3276 2493 3373 quidquam
2526 3292 2675 3341 con-

623 3398 734 3458 tra
767 3384 983 3457 animi
1017 3384 1158 3481 ipse
1203 3386 1344 3460 mei
1389 3385 1831 3475 sententiam,
1883 3416 2011 3464 nec
2056 3393 2163 3466 vel
2199 3415 2430 3465 veram
2464 3387 2671 3459 detra-

625 3501 868 3575 herem
901 3497 1052 3573 viro
1087 3501 1370 3575 laudem
1403 3504 1515 3577 vel
1551 3500 1786 3577 falsam
1820 3504 2222 3582 tribuerem.

707 3710 730 3743 ’
1593 3760 1609 3776 .
1676 3730 1701 3776 1
1721 3724 1786 3777 2.

1028 3828 1130 3894 De
1159 3828 1445 3917 novifflma
1476 3708 1730 3918 Ve§rfione
1762 3831 1994 3899 Gallica
2024 3830 2298 3900 Ricardi.

727 3968 1029 4041 Adoralia
1083 3963 1352 4040 Gallice
1397 3968 1635 4043 denuo
1692 3970 1903 4044 vertit
1962 3974 2417 4051 R1cAnnus,
2472 3980 2673 4053 eaque

627 4078 790 4153 inde
839 4084 929 4155 ab
979 4107 1164 4155 anno
1211 4084 1390 4181 1783
1450 4083 1713 4157 Parifiis
1763 4084 1981 4160 edidit
2030 4086 2258 4161 forma
2300 4084 2563 4160 octav&
2612 4082 2675 4139 et

625 4194 1073 4291 quindecim
1093 4196 1388 4273 absolvit
1440 4198 1921 4326 voluminibus
1978 4226 2170 4279 anno
2218 4224 2421 4303 1792·
2521 4152 2710 4281 EjUS
