2842 4784
588 191 974 356 lxxviii*
1174 179 2094 324 PKAEfATIo.

614 425 773 498 Nos
808 435 1035 496 totam
1068 419 1246 508 hanc
1286 417 1675 496 materiam
1687 417 1787 495 ita
1829 412 2358 512 explicabimus,
2395 437 2536 490 non
2571 425 2680 488 ut

612 561 767 623 eam
793 533 1115 624 bifariam
1145 532 1665 622 distribuamus,
1717 531 1831 606 sed
1863 545 1946 604 ut
1985 530 2278 628 fingulas
2314 529 2462 626 ejus
2490 555 2674 632 par-

614 665 719 726 tes
749 673 896 740 uno
932 665 1351 747 temporum
1366 649 1606 722 ordine
1640 646 2152 746 persequamur.
2257 693 2265 712 ι

1319 957 1335 966 ,
1537 893 1602 984 §.
1665 913 1725 962 1.

1103 1037 1201 1102 De
1232 1037 1446 1102 Aldina
1477 1035 1758 1102 Editione.
1846 1037 1929 1102 Α.
1961 1053 2146 1124 1509

709 1206 1012 1293 PrimuS,
1072 1207 1229 1304 post
1280 1223 1545 1281 renatas
1595 1207 1884 1294 LiteraS,
1937 1206 2250 1280 universa
2293 1203 2670 1282 Plutarchi

610 1320 845 1418 Opera
895 1319 1115 1394 edidit
1176 1325 1449 1394 Amos
1510 1322 1972 1394 Mamm-ms
2029 1319 2392 1408 venetiis·
2461 1345 2672 1396 anno

608 1432 901 1530 quidem
953 1459 1133 1532 1509
1180 1434 1499 1520 Monilia,
1559 1436 1740 1507 Vitas
1783 1457 1986 1530 1519.
2089 1434 2224 1506 Sed
2271 1434 2360 1506 de
2408 1434 2664 1506 Mora-

608 1549 772 1620 libus
828 1573 1019 1622 nunc
1063 1545 1357 1646 agimus,
1463 1546 1750 1621 Titulus
1812 1547 1885 1620 in
1941 1545 2168 1620 fronte
2219 1544 2332 1618 hic
2375 1545 2600 1620 exstat
2637 1575 2662 1618 ε

609 1665 1097 1739 ΡιυΤΑιιοι-ῐι
1152 1645 1596 1740 Oroi-»cumi
1653 1687 1970 1738 Lxxxx1
1995 1689 2053 1734 1.
2161 1663 2359 1734 Index
2407 1662 2658 1734 Mora-

600 1783 753 1852 lium
799 1785 1082 1868 omnium‚
1134 1800 1194 1854 et
1238 1809 1439 1855 eorum
1475 1809 1612 1882 quae
1660 1786 1722 1854 in
1771 1782 1908 1878 ipsts
1951 1787 2332 1866 tradantur,
2378 1777 2656 1850 habetur

602 1893 717 1968 hoc
766 1901 1171 1998 quaternione.
1274 1898 1587 1972 Numerus
1631 1913 1836 1970 autem
1885 1895 2327 1968 Arithmeticus
2375 1896 2656 1966 remittit

604 2014 887 2084 letrorem
928 2013 1024 2083 ad
1053 2014 1532 2111 semipaginam,
1587 2011 1696 2082 ubi
1739 2017 2095 2082 tradantur
2121 2009 2396 2108 stragula.
2498 2007 2656 2080 Eo-

607 2125 779 2230 dem
830 2123 1027 2211 folio,
1078 2123 1401 2222 proxima
1445 2123 1720 2224 pagina,
1775 2123 1874 2198 est
1923 2122 2236 2222 praefatio
2285 2128 2498 2200 Arm
2547 2125 2654 2198 ad

608 2239 997 2333 Jaconuar
1061 2246 1692 2328 ANUQJARNJM
1753 2240 2300 2327 Panus1NuM5
2376 2264 2516 2340 qua
2574 2241 2652 2312 in

607 2353 1007 2449 praefatione
1066 2357 1253 2428 nulla
1303 2357 1385 2431 fit
1443 2353 1707 2428 mentio
1757 2357 1844 2428 de
1891 2355 2204 2430 fontibus
2249 2369 2321 2428 et
2367 2356 2656 2432 confilio

578 2468 811 2561 ·hujus
870 2467 1239 2543 Editionis.
1360 2469 1690 2567 Sequitur
1747 2485 2040 2569 ΠΙΝΑΞ,
2101 2469 2177 2544 id
2233 2469 2356 2557 est,
2421 2469 2654 2545 Index

607 2582 894 2654 Graecus
929 2583 1309 2668 Adoralium,
1360 2581 1552 2680 isque
1601 2583 1756 2655 sane
1801 2584 2048 2680 plenus
2079 2607 2162 2658 ac
2195 2583 2507 2668 reform,
2555 2598 2646 2656 ut

604 2694 733 2794 qui
780 2721 925 2770 non
966 2697 1183 2770 modo
1235 2699 1662 2807 fingulorum
1718 2696 2080 2782 librorum,
2131 2695 2246 2769 sed
2289 2695 2654 2770 minorum

601 2811 839 2902 etiam,
893 2785 1149 2912 quibus
1197 2811 1355 2886 libri
1414 2795 1754 2900 constant,
1813 2811 2122 2908 partium
2176 2825 2246 2884 et
2302 2809 2652 2908 capitum,

584 2925 849 3012 ‘titulos
898 2927 1244 3001 exhibeat.
1355 2907 1556 3002 Idem
1588 2926 1686 3000 est
1715 2927 1904 3016 Πίναξ
1937 2923 2011 2996 in
2043 2923 2402 2998 codicibus
2435 2922 2648 3022 scrip-

604 3039 691 3113 tis
719 3041 976 3138 quibus
1012 3040 1346 3114 Universa
1373 3039 1730 3116 Plutarchi
1760 3063 1970 3135 opera
1995 3037 2468 3124 continentur,
2503 3043 2654 3112 vel-

600 3155 709 3228 uti
744 3161 812 3228 A
844 3170 914 3227 et
950 3159 1054 3227 E:
1110 3155 1221 3226 sed
1272 3154 1405 3226 alio
1443 3153 1705 3228 ordine.
1809 3155 1964 3226 Nec
2011 3149 2208 3226 facile
2245 3153 2500 3240 dicam,
2551 3179 2654 3228 an

599 3269 770 3340 ordo
804 3268 1100 3342 Aldinus
1134 3269 1546 3341 auctoritate
1586 3267 1842 3343 codicis
1893 3267 2124 3366 scripti
2157 3267 2441 3344 nitatur.
2545 3272 2649 3344 11-

596 3381 721 3452 lud
767 3381 1099 3452 affirmare
1144 3383 1333 3454 haud
1380 3381 1706 3454 dubitem
1755 3379 2025 3454 codices
2075 3377 2362 3480 scriptos
2395 3379 2652 3470 alium,

598 3518 727 3568 nec
778 3517 1017 3570 omnes
1066 3496 1367 3568 eundem
1418 3493 1598 3568 inter
1643 3495 1704 3568 se
1747 3497 1998 3568 habere
2039 3495 2380 3583 ordinem,
2417 3521 2656 3592 neque

594 3611 823 3682 ullum
854 3634 1101 3686 ,eorum
1145 3609 1269 3706 qui
1314 3611 1521 3684 hodie
1571 3611 1642 3684 in
1693 3612 1880 3684 libris
1932 3609 2193 3708 scriptis
2226 3610 2508 3686 editisve
2543 3609 2656 3684 fe-

596 3740 848 3816 runtur
880 3714 1205 3798 ordinum
1232 3727 1359 3798 effe
1386 3753 1474 3830 ex
1502 3726 1792 3825 antiqua
1815 3741 2048 3814 aetate,·
2077 3729 2340 3801 nedum
2373 3729 2464 3800 ab
2493 3726 2654 3826 ipso

594 3839 996 3930 Plutarcho.
1098 3839 1289 3928 Πίναξ
1320 3837 1436 3910 hic
1469 3837 1694 3912 factus
1738 3841 1868 3912 effe
1913 3839 2192 3914 videtur
2220 3839 2470 3913 saeculo
2503 3839 2654 3912 fere

596 3954 697 4027 xii
718 3956 871 4049 jam
902 3953 1185 4052 perditis
1222 3951 1582 4028 Plutarchi
1615 3953 1879 4052 scriptis
1913 3953 2229 4053 plurimis
2255 3969 2326 4027 et
2351 3956 2439 4028 ad
2463 3955 2654 4030 hanc

596 4069 1027 4164 paucitatem
1076 4071 1413 4160 redactis3
1489 4069 1848 4167 superstite
1892 4086 2132 4147 tamen
2171 4071 2404 4145 adhuc
2447 4085 2654 4168 parte
