2842 4784
775 314 1693 392 PRAEFATIO.
2042 318 2261 389 lxxxv

247 497 358 570 sare
409 498 722 593 potuerit
795 500 1136 586 Cnocvs,
1202 498 1328 597 qui
1393 498 1590 573 illum
1642 500 1924 596 aequalis
1974 493 2305 595 propius‘

243 615 598 709 cognoviffe
632 606 966 688 videtur}
1021 640 1152 713 ego
1186 642 1331 687 non
1363 616 1671 711 possum,
1704 616 1937 711 quoad
1970 613 2263 711 quidem

239 727 360 820 ejus
387 726 664 802 aliunde
699 728 881 802 mihi
918 728 1170 802 notitia
1203 726 1486 827 obtigit.
1573 727 1857 802 Praefuit
1892 728 2079 801 idem
2112 720 2260 799 edi-

241 841 386 917 tioni
413 847 831 919 Rhetorum
868 848 1276 919 Graecorum
1301 840 1499 917 fache
1527 843 1717 939 apud
1743 847 2045 915 ALDuM
2076 866 2260 916 anno

247 962 423 1055 1508,
479 958 596 1035 cui
658 959 958 1035 editioni
1007 960 1244 1039 addita
1297 960 1398 1035 est
1463 960 1764 1057 ejusdem
1830 960 2257 1032 DEMETRn
2334 1046 2341 1054 ο

239 1068 486 1164 epistola
514 1076 608 1149 ad
645 1078 1040 1149 MAxcuM
1077 1078 1529 1149 Musmmm.
1604 1078 1859 1173 Neque
1892 1100 2057 1147 eum
2084 1098 2259 1168 prae-

236 1187 388 1261 teriit
443 1192 1038 1265 HUMPHREDUS
1099 1194 1431 1265 Homus
1488 1192 1563 1263 in
1614 1188 1795 1267 libro
1854 1192 1970 1262 De
2024 1192 2261 1261 Graecis

235 1302 530 1390 illustribus
565 1306 850 1403 Linguae
902 1307 1142 1377 Graecae
1195 1307 1675 1404 Lite-rarumque
1706 1308 2127 1377 humaniorum
2160 1308 2259 1375 in-

223 1414 671 1505 marmotis,
710 1417 908 1491 edito
941 1417 1248 1491 Londini
1285 1445 1470 1492 anno
1513 1446 1691 1519 1742
1716 1418 1940 1492 forma
1972 1421 2257 1505 offiiava5

239 1528 400 1623 cujus
427 1533 624 1605 locus
665 1536 802 1609 hac
837 1533 1087 1607 notitia
1116 1532 1535 1631 praefationis
1569 1536 1935 1608 Moralibus
1984 1536 2260 1609 Plutar-

239 1642 392 1717 cheis
422 1649 792 1743 praemifl'ae
826 1650 1188 1745 augendus
1218 1649 1372 1723 erit.
1426 1650 1561 1721 Sed
1592 1647 1735 1744 ipsa
1764 1650 2029 1721 Honn
2052 1650 2263 1721 verba

193 1780 198 1787 ·
241 1782 664 1853 apponamus,
759 1765 1126 1838 Demetrius
1163 1752 1408 1837 Diccas·v
1438 1766 1735 1857 Cretenfis
1778 1770 1842 1836 in
1887 1768 2087 1837 Italia
2132 1770 2263 1863 egit

242 1874 316 1942 ad
353 1902 566 1949 annum
637 1902 812 1951 Μῦν
831 1904 858 1949 1
879 1904 906 1950 1
927 1904 989 1965 1,
1044 1892 1164 1979 quo'
1205 1898 1473 1975 tempore
1530 1880 1803 1974 Epistola
1852 1879 1981 1975 qjus
2034 1879 2265 1950 Graeca

239 1990 462 2080 prefixa
491 1997 578 2087 ςβ
615 1998 924 2069 volumini
959 2000 1161 2091 primo
1196 1994 1557 2067 Graecorum
1610 1993 1949 2064 Rhetorum
1981 1993 2063 2063 ab
2096 1994 2264 2065 Aldo

247 2102 300 2167 V
289 2112 470 2179 enuit}
521 2110 860 2182 editorum.
965 2114 1044 2183 In
1095 2113 1465 2211 Hispaniam
1506 2112 1711 2207 postea
1760 2128 2022 2183 vocatus
2068 2112 2148 2200 est
2179 2110 2264 2181 ab

245 2221 548 2313 “mpliffimo
591 2224 934 2296 Cardinali
971 2227 1282 2307 Χίωεηίο,
1335 2243 1402 2295 ut
1451 2225 1685 2296 Bibliis
1724 2224 2263 2321 Complutenfibus,

246 2337 417 2424 quoad
459 2340 725 2425 Graeca,
776 2341 1032 2411 edendis
1081 2357 1327 2437 operam
1374 2358 1665 2411 navaret.
1774 2342 1852 2429 In
1881 2341 2020 2431 fine
2050 2338 2263 2431 Testa-

247 2455 404 2522 menti
445 2456 639 2529 Novi
684 2456 854 2546 isthic
901 2457 1059 2526 editi
1103 2481 1260 2527 anno
1310 2478 1483 2526 Mox
1498 2461 1603 2541 Ν,
1652 2460 1879 2552 legitur
1926 2459 2053 2554 ejus
2104 2456 2263 2552 Epi-

241 2588 490 2657 gramma
527 2570 824 2642 Graecum
849 2599 873 2641 .·
924 2588 984 2641 et
1016 2570 1280 2668 ajusdem
1314 2572 1418 2664 effe
1451 2569 1708 2639 videtur
1744 2572 2040 2668 praefatio
2076 2572 2261 2642 Grae—

251 2702 328 2762 ca,
377 2710 503 2781 quae
561 2686 803 2783 quidem
864 2682 940 2757 T.
990 2684 1182 2755 Novo
1229 2688 1654 2779 praemittitur.
1760 2668 2133 2783 Reconsttur
2179 2688 2267 2757 ab

253 2796 464 2870 Alvaro
513 2800 800 2870 Gomecio
857 2799 973 2899 (de
1019 2800 1298 2869 Ximenii
1337 2798 1551 2867 Rebus
1586 2799 1773 2893 gestis
1821 2800 1883 2882 I,
1937 2824 1975 2870 2
1988 2797 2050 2896 ,J
2107 2803 2266 2871 inter

251 2911 358 2981 illos
385 2917 656 2988 eruditos
685 2918 780 2985 vit
781 2940 882 2998 ’,ος
936 2938 1078 3011 quos
1109 2914 1207 2984 ad
1231 2912 1435 2984 nobile
1464 2913 1629 2985 illud
1658 2931 1805 3007 opus
1837 2914 2265 2985 adornandum

254 3047 311 3091 ac
343 3029 774 3121 perficiendum
811 3028 943 3099 Car
943 3029 1174 3099 dinalis
1225 3024 1330 3097 ille
1360 3026 1769 3117 illtstrffimus
1800 3028 1895 3098 ad
1913 3029 1993 3125 fi
2024 3026 2262 3117 arcff-

255 3142 376 3211 vit.-
417 3149 720 3239 inceptum
751 3162 958 3216 autem
988 3144 1072 3235 est
1101 3162 1248 3239 opus
1283 3168 1439 3214 anno
1478 3166 1634 3214 M1>1
1657 3166 1717 3214 1.
1823 3144 2108 3215 Eundem
2134 3145 2263 3239 fu-

254 3254 330 3345 ff
355 3264 548 3354 opinor
579 3288 658 3332 ac
693 3260 1088 3331 Demetrium
1117 3262 1290 3331 illum
1325 3259 1639 3342 Graecum,
1686 3261 1793 3356 qui
1820 3258 2089 3330 libellum
2124 3258 2263 3327 Ga-

253 3370 638 3471 lotispurium
670 3376 784 3447 De
820 3372 1117 3447 Oculis
1089 3400 1154 3445 m
1199 3374 1494 3445 Latinum
1526 3375 1856 3465 tra7stulit.

331 3486 466 3561 Sint
498 3488 739 3586 igitur,
789 3502 876 3559 ut
907 3486 1058 3560 sane
1093 3485 1279 3573 sunt,
1313 3486 1386 3559 in
1421 3485 1682 3561 Aldina
1711 3489 2063 3561 Moralium
2095 3488 2263 3561 Plu·-

259 3605 662 3679 tarcheorum
692 3602 1026 3688 editione,
1075 3603 1332 3675 menda
1381 3601 1877 3699 typographica
1907 3601 2260 3699 plurima·

257 3710 384 3790 sunt
413 3734 674 3805 tamen,
708 3718 1016 3814 exceptis
1051 3715 1493 3813 pauciffirrii3‚
1526 3716 1861 3812 ejusmodi
1893 3730 1975 3789 ut
2000 3740 2265 3790 correc-

257 3826 484 3908 tionem
527 3836 630 3909 ita
671 3831 944 3905 facilem
997 3848 1066 3904 et
1117 3828 1545 3905 manifestam
1588 3833 1915 3914 habeant,
1967 3854 2127 3927 quae
2158 3832 2269 3903 vel

257 3948 660 4021 mediocriter
695 3950 942 4029 Gsaece
973 3945 1270 4019 do&um
1309 3942 1531 4042 fugiat
1584 3942 1957 4015 neminem.
2046 3944 2129 4015 In
2164 3966 2267 4015 re-

259 4054 418 4157 liqua
448 4062 804 4159 scriptura,
858 4056 1175 4157 quamvis
1221 4056 1463 4131 multis
1494 4055 1811 4152 partibus
1844 4056 2167 4129 mendosa
2198 4071 2271 4134 et

1179 4170 1220 4245 f
1260 4200 1300 4269 3
