2842 4784
589 261 716 339 xvi
1157 265 2083 355 PRAEFATIO.

583 444 744 521 satis
797 446 1140 549 superque
1187 450 1320 527 effe
1370 452 1794 533 videbantur
1840 456 2136 535 editioni
2178 459 2665 541 universorum

583 585 944 659 operum,·
988 568 1198 641 aucta
1243 569 1627 665 praesertim
1670 576 2029 703 progreffu
2074 576 2332 666 aetatis,
2368 592 2467 653 ·ut
2506 580 2665 679 spe·

581 674 852 765 rabam,
885 677 1218 757 facultate
1253 710 1435 760 mea.
1542 692 1645 764 At
1690 712 1858 765 vero
1902 688 1979 763 in
2024 689 2149 765 ista
2194 691 2671 773 subductione

579 804 720 867 tres
765 818 908 881 me,
954 795 1144 895 iique
1187 824 1452 897 graves,
1504 803 1816 880 latebant
1852 828 2137 880 errores.
2146 791 2155 803 ⁸
2238 807 2545 898 Primus,
2582 808 2661 885 in

579 930 884 983 numero
928 911 1391 1012 paginarum:
1448 942 1616 1016 quae
1662 916 1822 993 sunt
1874 918 2058 994 illius
2108 918 2322 995 libelli
2364 923 2659 1013 vicenae,

579 1022 1062 1101 universorum
1095 1054 1388 1127 operum
1422 1020 1527 1105 bis
1562 1031 1750 1105 mille
1800 1044 1871 1109 et
1920 1036 2132 1109 ultra.
2236 1039 2405 1112 Erat
2442 1037 2667 1137 igitur

575 1160 893 1229 enorme,
948 1143 1056 1217 bis
1109 1144 1300 1219 mille
1355 1146 1623 1245 paginis
1668 1138 1885 1243 annos
1919 1149 2083 1223 dare
2114 1150 2386 1239 decem,
2422 1178 2659 1251 quum

581 1270 893 1353 quatuor
929 1258 1078 1333 dati
1127 1262 1341 1336 effent
1373 1262 1657 1337 vicenis,
1712 1282 1721 1293 ·
1761 1266 1963 1338 Alter
2004 1263 2141 1339 fuit
2190 1290 2404 1354 error,
2455 1270 2660 1365 quod

581 1394 732 1445 non
783 1372 1425 1451 animadvertebam
1488 1376 1853 1477 utriusque
1908 1379 2243 1477 temporis
2300 1379 2661 1456 divertita-

585 1500 762 1563 tem.
853 1489 1433 1589 'Quadrienniurn
1485 1491 1663 1567 mihi
1714 1490 1938 1567 fuerat
2000 1493 2307 1569 liberum
2354 1510 2427 1569 et
2470 1495 2655 1573 inte·-

581 1626 794 1707 grum
825 1606 918 1679 ab
941 1604 1147 1681 omni
1175 1606 1543 1681 necefl‘ario
1577 1606 1889 1708 negoti0,
1918 1606 2205 1705 sequens
2230 1634 2442 1683 omne
2466 1624 2656 1685 tem·

584 1744 720 1818 pus
761 1719 901 1795 fuit
947 1737 1380 1821 occupatum
1426 1722 1979 1821 distractumque
2024 1722 2447 1822 quotidiano
2489 1750 2657 1799 mu-

581 1834 760 1911 neris
805 1838 1066 1913 labore.
1170 1837 1461 1917 Tertius
1506 1864 1691 1913 error
1724 1839 2119 1915 versabatur
2166 1838 2240 1915 in
2266 1864 2400 1928 το,
2452 1842 2659 1939 quod

578 1976 729 2027 non
779 1954 1238 2029 attendebam
1283 1954 1375 2029 ad
1417 1951 1760 2029 rationem
1820 1953 2194 2055 colligendi
2246 1966 2654 2053 apparatus,

575 2090 744 2165 quae
778 2066 853 2147 in
898 2068 1378 2144 universorum
1430 2094 1728 2167 operum
1760 2067 2067 2145 editione
2102 2067 2394 2143 infinitis
2427 2069 2651 2167 parti-

581 2182 718 2257 bus
748 2180 1092 2257 difficilior
1123 2197 1194 2257 et
1225 2183 1627 2261 laboriofior
1668 2182 1905 2259 futura
1946 2202 2093 2260 erat
2142 2208 2357 2283 quam
2392 2182 2465 2257 in
2497 2181 2653 2259 edi·-

577 2294 774 2371 tione
817 2296 1088 2395 parvuli
1135 2297 1373 2373 libelli.
1476 2298 1699 2400 Qod
1747 2300 1955 2399 quale
1998 2312 2493 2399 quantumque
2534 2302 2651 2387 fit,

576 2432 811 2510 operae
845 2412 1154 2512 pretium
1185 2413 1286 2489 est
1315 2436 1687 2512 exponere.

679 2531 856 2607 Duo
886 2528 1048 2606 sunt
1083 2530 1252 2607 boni
1298 2530 1585 2606 editoris
1628 2530 1878 2619 officia,
1918 2532 2297 2607 Emendatio
2328 2544 2397 2603 et
2436 2536 2647 2607 Inter-

572 2650 855 2747 pretatio
875 2676 903 2720 .·
951 2647 1100 2723 duo
1133 2645 1305 2721 item
1337 2646 1703 2745 utriusque
1742 2647 1921 2719 bene
1954 2646 2236 2745 gerendi
2281 2646 2489 2721 officii
2536 2647 2647 2721 in-

579 2762 994 2849 strumenta,
1059 2764 1453 2860 Comparatio
1512 2778 1797 2835 veterum
1854 2765 2132 2836 codicum
2177 2776 2253 2835 et
2312 2762 2653 2838 Dfflrinae

583 2882 760 2976 copia
783 2907 810 2951 .-
859 2876 975 2952 illa
1023 2876 1114 2952 ad
1161 2878 1675 2957 Emendationem
1720 2876 2052 2953 refertur:
2108 2878 2259 2951 haec
2304 2878 2393 2951 ad
2430 2880 2645 2952 Inter·-

571 2998 1014 3095 pretaeionem‚
1081 2992 1182 3067 ita
1237 2992 1557 3090 quidem,
1621 3007 1705 3066 ut
1762 2991 1905 3089 ipsa
1960 3014 2249 3089 quoque
2312 3016 2644 3091 magnam

575 3110 1113 3185 Emendationis
1143 3128 1420 3208 partem
1451 3110 1985 3205 complectatur.
2070 3110 2265 3183 Nam
2298 3122 2467 3183 curn
2498 3109 2645 3207 ipsa.

575 3248 702 3326 per
745 3222 810 3299 se
849 3224 1170 3301 doctrina
1212 3226 1388 3323 saepe
1439 3224 1937 3321 correffionem
1974 3212 2395 3299 mendorum
2428 3223 2646 3321 parit,

577 3358 742 3415 tum
798 3340 901 3415 est
951 3344 1197 3417 eadem
1239 3342 1466 3439 judex
1525 3362 1607 3415 ac
1658 3338 2103 3439 disceptatrix
2136 3328 2551 3415 lectionum·
2599 3366 2645 3414 e

573 3454 944 3532 codicibus
975 3458 1531 3555 depromtarum,
1566 3481 1870 3556 quarum
1898 3458 2128 3533 nullus
2160 3454 2259 3529 est
2290 3453 2480 3542 usuS,
2512 3454 2640 3530 nifi

575 3598 704 3654 eas.
725 3570 1048 3647 doctrina
1079 3570 1420 3669 dijudicet
1453 3597 1533 3645 ac
1566 3572 1838 3669 probet.
1923 3575 2113 3667 Jam‚
2148 3573 2197 3643 fi
2228 3588 2478 3645 verum
2508 3596 2641 3647 vo-

571 3692 839 3776 lumuS,
879 3688 954 3763 in
977 3690 1170 3764 bono
1195 3688 1573 3787 interprete
1604 3696 1803 3763 tanta
1826 3685 2031 3761 inefl‘e
2061 3688 2299 3775 debet,
2332 3698 2455 3761 aut
2490 3704 2641 3761 non

582 3806 818 3881 multo
875 3803 1135 3891 minor,
1177 3802 1553 3890 doctrina,
1594 3814 1861 3901 quanta
1914 3800 2089 3875 inest
2146 3801 2220 3875 in
2272 3804 2587 3877 Auctore:
2616 3833 2640 3877 ε

582 3934 768 3997 certe
813 3922 904 3994 ad
950 3944 1120 3995 eum
1164 3920 1489 4007 modum,
1536 3932 1622 3992 ut
1666 3920 1857 3993 locos
1902 3916 2232 3991 obscuros·
2270 3918 2361 3991 ad
2404 3919 2638 4015 legen-

581 4034 768 4109 tium
803 4034 1240 4137 intelIeEtum
1275 4034 1607 4109 illustrare
1640 4034 1869 4131 poffit.
1958 4034 2135 4109 Hoc
2164 4022 2480 4107 officium
2514 4056 2639 4129 ap-

573 4164 770 4249 paret
804 4172 1026 4247 quarn
1073 4152 1216 4225 late'
1259 4163 1499 4248 pateat
1542 4149 1632 4224 ad
1677 4146 2331 4245 isaer-pretationem
2359 4146 2643 4223 Plutar-
