2842 4784
697 279 1609 363 PRAEFATIO.
2074 276 2175 353 lix

159 475 296 549 0110
327 470 430 558 iii,
485 467 833 545 diximus.
929 464 1168 541 Priora
1217 418 1509 565 quidun
1570 466 1701 536 five
1752 484 1795 533 a
1838 406 2215 533 The0d0-'

161 604 286 663 reto
309 590 426 663 De
447 589 694 663 Graec.
733 586 987 663 Affest.
1023 584 1121 673 iii,
1171 610 1244 681 p.
1275 609 1445 683 510,
1494 584 1577 667 B,
1626 582 1757 655 five
1788 577 2177 657 undecum-

161 730 278 800 que
305 700 554 777 habuit
605 701 937 777 inficetas
981 702 1224 788 homo,
1271 712 1457 781 certe
1503 691 1853 781 Plutarchi
1903 691 2057 770 sunt
2092 716 2180 768 ex

165 821 500 921 deperdito
531 834 626 894 ut
661 818 946 897 videtur
978 816 1179 891 libi-o.
2037 848 2046 855 ·

868 1062 1283 1121 sAEcUL.
1371 1064 1475 1121 lx.
2108 1080 2251 1177 ‘N

191 1218 200 1227 ’
247 1220 724 1296 PHOTIUS'
783 1216 858 1293 in
925 1206 1196 1319 egregio
1260 1216 1661 1289 Bibliotheca
1720 1238 1923 1311 opere
1942 1268 1961 1299 ,
2045 1236 2190 1309 quo

171 1336 560 1422 multorum,
625 1332 837 1407 hodie
882 1330 1094 1407 etiam
1139 1330 1600 1429 perditorum,
1648 1326 1983 1401 librorum
2030 1318 2219 1399 cen·⁸

174 1445 368 1523 suram
399 1450 546 1549 agit
593 1464 664 1522 et
695 1460 1100 1547 argumenta
1137 1460 1596 1543 excerptaque
1628 1441 1889 1538 prodit,
1923 1442 2213 1543 mutar-¹

175 1561 272 1633 chi
299 1565 604 1639 Moralia
636 1586 781 1637 non
815 1560 938 1635 nifi
973 1586 1060 1637 ex
1096 1562 1390 1657 Sopatro
1425 1571 1789 1642 memorat,
1824 1580 1950 1631 nec
1974 1580 2196 1653 pecu-

175 1672 390 1751 liarem
435 1677 519 1753 iis
582 1678 822 1751 locum
878 1676 1043 1751 dat:
1125 1676 1306 1750 Wtas
1352 1671 1648 1749 recenset
1701 1664 2055 1771 quasdam,
2110 1694 2201 1743 ex

181 1786 382 1887 iisque
412 1802 750 1889 excerpta
798 1788 940 1865 edit
978 1788 1156 1863 cod.
1191 1788 1418 1861 ccxlv.
1468 1792 1567 1860 Ἀν
1573 1769 1968 1881 αγνιὸσθησαὲ
2000 1790 2061 1856 ἐκ
2094 1788 2203 1857 τόν

187 1918 350 1977 Ium-
317 1908 512 2009 τέςχε
563 1908 982 2007 παραλλήλων
1025 1906 1280 2009 διάφοροι
1331 1908 1406 1975 λὸ
1377 1936 1505 1999 οογι
1488 1927 1531 1973 ι·
1584 1937 1655 1974 ων
1703 1904 1741 1979 n‘
1780 1904 1994 1979 Mosae
2041 1934 2159 1973 κατ
2162 1900 2207 1971 οἶ

188 2034 252 2087 ἐν
241 2018 452 2109 'aratorios
433 2026 747 2115 ἐκλέγεται
798 2022 898 2092 δι’
832 2047 968 2108 ιοσιφ
969 2054 1030 2122 ρο
1035 2054 1059 2092 ν
1097 2040 1282 2119 >gens-o
1257 2018 1456 2135 opud(
1453 2045 1576 2088 av:
1634 2016 1718 2085 V
1691 2030 1799 2087 ttae
1842 2012 2000 2089 sunt
2035 2014 2208 2086 Dio·

191 2134 294 2215 nis,
340 2132 558 2218 Bruti,
610 2132 883 2218 AEmilit‘,
945 2130 1393 2227 Demqsthenis,
1457 2131 1788 2216 Ciceronis,
1854 2128 2211 2215 Phocionis,

197 2244 448 2333 catonis,
489 2248 874 2349 Alexandri,
928 2248 1210 2345 Caesaris,
1263 2249 1587 2332 Eumenis,
1638 2247 1921 2330 Sertorii,
1974 2242 2212 2316 Deme·

193 2362 308 2444 trii,
339 2364 626 2447 Antonii,
665 2362 764 2461 Py
751 2360 925 2446 ·rrhi,
965 2362 1214 2447 Marii,
1263 2362 1482 2449 Arati,
1519 2362 1797 2435 Artaxer
1796 2362 1917 2445 xis,
1955 2358 2213 2463 Agidis,

199 2472 507 2549 Flaminii.
611 2475 830 2553 Porro
887 2462 1060 2549 liber
1119 2476 1235 2551 De
1294 2476 1462 2549 Vitis
1520 2478 1612 2548 X.
1671 2478 2030 2560 Oratorum,
2089 2472 2214 2571 qui

197 2583 356 2659 inter
405 2586 859 2665 Plutarcheos
907 2587 1149 2675 fertur,
1211 2600 1576 2719 tamquam
1625 2590 1713 2663 ab
1761 2587 1905 2685 ipso
1957 2586 2230 2684 Photio·

201 2696 466 2797 scriptus
513 2700 738 2779 exstat
783 2701 966 2777 Cod.
1001 2700 1208 2790 cclix,
1257 2715 1330 2775 et
1363 2701 1743 2799 proximis:
1797 2702 1884 2775 de
1918 2726 2065 2801 quo
2098 2701 2220 2775 suo

203 2810 577 2889 videbimus
607 2815 786 2891 loco·
887 2816 1185 2893 Moralia
1235 2812 1352 2890 illa
1391 2830 1602 2889 ·aetate
1636 2818 1883 2902 multa,
1933 2830 2018 2891 ut
2049 2816 2222 2889 item

213 2929 354 3001 Vuae
399 2932 676 3015 multae,
723 2928 873 3027 jam
927 2928 1365 3016 intercidisse,
1423 2932 1514 3001 ad
1564 2954 1718 3002 eam
1772 2942 2007 3005 tamen
2064 2954 2224 3027 quae

209 3042 532 3141 hodieque
583 3042 683 3117 est
729 3028 1158 3142 paucitatem
1209 3044 1529 3119 nondum
1569 3042 1833 3117 rediiffe
1877 3041 2227 3119 videntur.

216 3156 386 3247 Hoc,
429 3172 502 3231 et
555 3156 882 3255 proximo
929 3153 1204 3243 saecu10,
1259 3155 1422 3229 inde
1465 3181 1507 3231 a
1552 3153 1792 3229 Basilio
1835 3142 2229 3232 Macedone

213 3268 324 3344 sub
349 3296 495 3371 quo
525 3269 828 3351 Photius
857 3270 1020 3358 fuit,
1055 3296 1135 3344 ac
1166 3269 1487 3367 deinceps
1516 3268 2014 3366 imperantibus
2050 3270 2233 3345 Leo·

217 3409 294 3458 ne
317 3390 404 3464 V.
447 3400 518 3461 et
567 3384 1030 3461 Constantino
1075 3386 1737 3485 Porphyrogenneto
1771 3385 1863 3461 ΙΙ.
1917 3386 2006 3457 ab
2050 3378 2235 3461 a'nno

217 3497 339 3573 fere
384 3505 522 3576 860
570 3502 660 3576 ad
716 3504 886 3601 960,
931 3498 1066 3574 fuit
1112 3500 1438 3598 quaedam
1483 3513 1797 3573 veterum
1845 3496 2237 3597 Literarutn

221 3614 550 3692 recreatio.
654 3610 960 3689 Utinam
1009 3610 1219 3689 libros
1268 3627 1441 3687 tunc
1476 3611 1858 3710 superstites
1891 3638 2079 3686 nunc
2109 3610 2240 3683 eti-

225 3750 338 3798 am
361 3729 804 3805 haberemus:
859 3742 980 3803 aut
1015 3728 1257 3802 saltem
1285 3725 1545 3811 Photio
1576 3727 1959 3825 placuisset,
1993 3722 2243 3799 omifiis

229 3840 715 4033 Ecclrrltsfiasticis,
778 3869 922 3923 non
971 3842 1094 3923 nifi
1153 3844 1437 3920 Veteres
1492 3842 1626 3917 hac
1684 3840 1760 3915 in
1817 3836 2246 3917 Bibliotheca

233 3976 360 4030 rece
429 3984 554 4042 ere.
