<?xml version="1.0" encoding="UTF-8"?>
<!DOCTYPE html PUBLIC "-//W3C//DTD XHTML 1.0 Transitional//EN"
    "http://www.w3.org/TR/xhtml1/DTD/xhtml1-transitional.dtd">
<html xmlns="http://www.w3.org/1999/xhtml" xml:lang="en" lang="en">
 <head>
  <title>
</title>
<meta http-equiv="Content-Type" content="text/html;charset=utf-8" />
  <meta name='ocr-system' content='tesseract 3.04.00' />
  <meta name='ocr-capabilities' content='ocr_page ocr_carea ocr_par ocr_line ocrx_word'/>
</head>
<body>
  <div class='ocr_page' id='page_1' title='image "./ploutarchoutouc06unkngoog_0096.png"; bbox 0 0 2842 4784; ppageno 0'>
   <div class='ocr_carea' id='block_1_1' title="bbox 635 276 2121 361">
    <p class='ocr_par' dir='ltr' id='par_1_1' title="bbox 635 276 2121 361">
     <span class='ocr_line' id='line_1_1' title="bbox 635 276 2121 361; baseline -0.003 0"><span class='ocrx_word' id='word_1_1' title='bbox 635 283 802 361; x_wconf 71' lang='lat' dir='ltr'>xciv</span> <span class='ocrx_word' id='word_1_2' title='bbox 1203 276 2121 359; x_wconf 77' lang='lat' dir='ltr'>PRAEFATIO.</span> 
     </span>
    </p>
   </div>
   <div class='ocr_carea' id='block_1_2' title="bbox 613 464 2748 680">
    <p class='ocr_par' dir='ltr' id='par_1_2' title="bbox 613 464 2748 680">
     <span class='ocr_line' id='line_1_2' title="bbox 633 464 2689 564; baseline -0.002 -23"><span class='ocrx_word' id='word_1_3' title='bbox 633 471 728 541; x_wconf 81' lang='lat' dir='ltr'>ab</span> <span class='ocrx_word' id='word_1_4' title='bbox 792 466 934 564; x_wconf 84' lang='lat' dir='ltr'>ipsa</span> <span class='ocrx_word' id='word_1_5' title='bbox 985 481 1232 540; x_wconf 80' lang='lat' dir='ltr'>natura</span> <span class='ocrx_word' id='word_1_6' title='bbox 1291 466 1771 541; x_wconf 79' lang='lat' dir='ltr'>admirabilem</span> <span class='ocrx_word' id='word_1_7' title='bbox 1832 466 2217 563; x_wconf 81' lang='lat' dir='ltr'>quamdam</span> <span class='ocrx_word' id='word_1_8' title='bbox 2270 464 2689 541; x_wconf 74' lang='lat' dir='ltr'>facultatem</span> 
     </span>
     <span class='ocr_line' id='line_1_3' title="bbox 613 580 2748 680; baseline -0.003 -23"><span class='ocrx_word' id='word_1_9' title='bbox 613 600 704 657; x_wconf 76' lang='lat' dir='ltr'>-et</span> <span class='ocrx_word' id='word_1_10' title='bbox 739 584 1146 657; x_wconf 83' lang='lat' dir='ltr'>facilitatem</span> <span class='ocrx_word' id='word_1_11' title='bbox 1179 584 1270 657; x_wconf 82' lang='lat' dir='ltr'>ad</span> <span class='ocrx_word' id='word_1_12' title='bbox 1297 607 1536 656; x_wconf 69' lang='lat' dir='ltr'>omms</span> <span class='ocrx_word' id='word_1_13' title='bbox 1566 582 1639 655; x_wconf 84' lang='lat' dir='ltr'>in</span> <span class='ocrx_word' id='word_1_14' title='bbox 1664 580 1859 657; x_wconf 83' lang='lat' dir='ltr'>omni</span> <span class='ocrx_word' id='word_1_15' title='bbox 1886 580 2214 655; x_wconf 82' lang='lat' dir='ltr'>orationis</span> <span class='ocrx_word' id='word_1_16' title='bbox 2245 606 2490 680; x_wconf 78' lang='lat' dir='ltr'>genere</span> <span class='ocrx_word' id='word_1_17' title='bbox 2520 604 2687 677; x_wconf 65' lang='lat' dir='ltr'>per-⁸</span> <span class='ocrx_word' id='word_1_18' title='bbox 2747 610 2748 621; x_wconf 59' lang='lat'>2</span> 
     </span>
    </p>
   </div>
   <div class='ocr_carea' id='block_1_3' title="bbox 497 694 2689 797">
    <p class='ocr_par' dir='ltr' id='par_1_3' title="bbox 497 694 2689 797">
     <span class='ocr_line' id='line_1_4' title="bbox 497 694 2689 797; baseline -0.003 -24"><span class='ocrx_word' id='word_1_19' title='bbox 497 750 500 753; x_wconf 85' lang='lat'><em>-</em></span> <span class='ocrx_word' id='word_1_20' title='bbox 633 695 980 797; x_wconf 83' lang='lat' dir='ltr'>cipiendas</span> <span class='ocrx_word' id='word_1_21' title='bbox 1029 698 1502 795; x_wconf 84' lang='lat' dir='ltr'>notandasque</span> <span class='ocrx_word' id='word_1_22' title='bbox 1548 696 1801 771; x_wconf 86' lang='lat' dir='ltr'>formas</span> <span class='ocrx_word' id='word_1_23' title='bbox 1858 721 1941 769; x_wconf 85' lang='lat' dir='ltr'>ac</span> <span class='ocrx_word' id='word_1_24' title='bbox 1984 694 2389 771; x_wconf 66' lang='lat' dir='ltr'>varietates:</span> <span class='ocrx_word' id='word_1_25' title='bbox 2455 717 2689 791; x_wconf 83' lang='lat' dir='ltr'>neque</span> 
     </span>
    </p>
   </div>
   <div class='ocr_carea' id='block_1_4' title="bbox 499 806 2748 4245">
    <p class='ocr_par' dir='ltr' id='par_1_4' title="bbox 606 806 2689 1140">
     <span class='ocr_line' id='line_1_5' title="bbox 633 806 2689 906; baseline -0.003 -19"><span class='ocrx_word' id='word_1_26' title='bbox 633 829 872 887; x_wconf 86' lang='lat' dir='ltr'>tamen</span> <span class='ocrx_word' id='word_1_27' title='bbox 921 814 1012 885; x_wconf 88' lang='lat' dir='ltr'>de</span> <span class='ocrx_word' id='word_1_28' title='bbox 1060 812 1198 886; x_wconf 80' lang='lat' dir='ltr'>istis</span> <span class='ocrx_word' id='word_1_29' title='bbox 1254 809 1503 885; x_wconf 76' lang='lat' dir='ltr'>libellis</span> <span class='ocrx_word' id='word_1_30' title='bbox 1558 823 1706 885; x_wconf 85' lang='lat' dir='ltr'>tarn</span> <span class='ocrx_word' id='word_1_31' title='bbox 1762 833 1917 883; x_wconf 89' lang='lat' dir='ltr'>vere</span> <span class='ocrx_word' id='word_1_32' title='bbox 1958 809 2349 906; x_wconf 78' lang='lat' dir='ltr'>judicaffet‚</span> <span class='ocrx_word' id='word_1_33' title='bbox 2410 808 2531 881; x_wconf 84' lang='lat' dir='ltr'>nifi</span> <span class='ocrx_word' id='word_1_34' title='bbox 2586 806 2689 880; x_wconf 75' lang='lat' dir='ltr'>ad</span> 
     </span>
     <span class='ocr_line' id='line_1_6' title="bbox 606 912 2686 1024; baseline -0.003 -22"><span class='ocrx_word' id='word_1_35' title='bbox 606 930 1019 1021; x_wconf 40' lang='lat' dir='ltr'>{naturalem</span> <span class='ocrx_word' id='word_1_36' title='bbox 1065 923 1320 1024; x_wconf 83' lang='lat' dir='ltr'>ingenii</span> <span class='ocrx_word' id='word_1_37' title='bbox 1368 926 1636 1011; x_wconf 84' lang='lat' dir='ltr'>dotem,</span> <span class='ocrx_word' id='word_1_38' title='bbox 1688 912 2095 999; x_wconf 80' lang='lat' dir='ltr'>accuratum</span> <span class='ocrx_word' id='word_1_39' title='bbox 2126 948 2209 997; x_wconf 77' lang='lat' dir='ltr'>ac</span> <span class='ocrx_word' id='word_1_40' title='bbox 2238 922 2686 1021; x_wconf 84' lang='lat' dir='ltr'>frequentem</span> 
     </span>
     <span class='ocr_line' id='line_1_7' title="bbox 633 1038 1710 1140; baseline -0.004 -23"><span class='ocrx_word' id='word_1_41' title='bbox 633 1042 1052 1140; x_wconf 64' lang='lat' dir='ltr'>adjunxisset</span> <span class='ocrx_word' id='word_1_42' title='bbox 1089 1038 1451 1115; x_wconf 84' lang='lat' dir='ltr'>Plutarchi</span> <span class='ocrx_word' id='word_1_43' title='bbox 1482 1039 1710 1113; x_wconf 88' lang='lat' dir='ltr'>usum.</span> 
     </span>
    </p>

    <p class='ocr_par' dir='ltr' id='par_1_5' title="bbox 499 1148 2748 4011">
     <span class='ocr_line' id='line_1_8' title="bbox 735 1148 2689 1231; baseline -0.004 -1"><span class='ocrx_word' id='word_1_44' title='bbox 735 1158 854 1231; x_wconf 90' lang='lat' dir='ltr'>Ab</span> <span class='ocrx_word' id='word_1_45' title='bbox 911 1156 1161 1228; x_wconf 87' lang='lat' dir='ltr'>eodem</span> <span class='ocrx_word' id='word_1_46' title='bbox 1217 1156 1326 1228; x_wconf 84' lang='lat' dir='ltr'>vel</span> <span class='ocrx_word' id='word_1_47' title='bbox 1381 1152 1577 1225; x_wconf 74' lang='lat' dir='ltr'>simili</span> <span class='ocrx_word' id='word_1_48' title='bbox 1630 1152 2035 1228; x_wconf 84' lang='lat' dir='ltr'>Italicorum</span> <span class='ocrx_word' id='word_1_49' title='bbox 2092 1150 2420 1228; x_wconf 86' lang='lat' dir='ltr'>codicum</span> <span class='ocrx_word' id='word_1_50' title='bbox 2478 1148 2689 1224; x_wconf 76' lang='lat' dir='ltr'>fonto</span> 
     </span>
     <span class='ocr_line' id='line_1_9' title="bbox 499 1255 2748 1365; baseline -0.003 -22"><span class='ocrx_word' id='word_1_51' title='bbox 499 1255 504 1262; x_wconf 38' lang='lat'>¹</span> <span class='ocrx_word' id='word_1_52' title='bbox 636 1269 945 1343; x_wconf 79' lang='lat' dir='ltr'>manavit</span> <span class='ocrx_word' id='word_1_53' title='bbox 981 1266 1318 1345; x_wconf 70' lang='grc' dir='ltr'>(3011εᾶἱο</span> <span class='ocrx_word' id='word_1_54' title='bbox 1353 1271 1447 1345; x_wconf 73' lang='lat' dir='ltr'>Sc</span> <span class='ocrx_word' id='word_1_55' title='bbox 1458 1290 1667 1341; x_wconf 72' lang='lat' dir='ltr'>Ho‘r‘r</span> <span class='ocrx_word' id='word_1_56' title='bbox 1682 1292 1745 1355; x_wconf 83' lang='lat'>1,</span> <span class='ocrx_word' id='word_1_57' title='bbox 1797 1265 2083 1341; x_wconf 83' lang='lat' dir='ltr'>minoris</span> <span class='ocrx_word' id='word_1_58' title='bbox 2114 1268 2233 1340; x_wconf 81' lang='lat' dir='ltr'>illa</span> <span class='ocrx_word' id='word_1_59' title='bbox 2266 1265 2555 1365; x_wconf 86' lang='lat' dir='ltr'>quidem</span> <span class='ocrx_word' id='word_1_60' title='bbox 2588 1267 2688 1337; x_wconf 81' lang='lat' dir='ltr'>ad</span> <span class='ocrx_word' id='word_1_61' title='bbox 2747 1288 2748 1295; x_wconf 50' lang='lat'>*</span> 
     </span>
     <span class='ocr_line' id='line_1_10' title="bbox 600 1371 2689 1459; baseline -0.003 0"><span class='ocrx_word' id='word_1_62' title='bbox 600 1371 1156 1459; x_wconf 42' lang='lat' dir='ltr'>‘emendandum</span> <span class='ocrx_word' id='word_1_63' title='bbox 1187 1382 1570 1457; x_wconf 72' lang='lat' dir='ltr'>ubertatis:</span> <span class='ocrx_word' id='word_1_64' title='bbox 1626 1407 1790 1456; x_wconf 80' lang='lat' dir='ltr'>nam</span> <span class='ocrx_word' id='word_1_65' title='bbox 1838 1400 1909 1457; x_wconf 92' lang='lat' dir='ltr'>et</span> <span class='ocrx_word' id='word_1_66' title='bbox 1958 1384 2257 1457; x_wconf 79' lang='lat' dir='ltr'>Moralia</span> <span class='ocrx_word' id='word_1_67' title='bbox 2302 1380 2439 1454; x_wconf 84' lang='lat' dir='ltr'>sola</span> <span class='ocrx_word' id='word_1_68' title='bbox 2484 1398 2689 1454; x_wconf 82' lang='lat' dir='ltr'>com-</span> 
     </span>
     <span class='ocr_line' id='line_1_11' title="bbox 632 1498 2691 1599; baseline -0.003 -25"><span class='ocrx_word' id='word_1_69' title='bbox 632 1502 987 1599; x_wconf 63' lang='lat' dir='ltr'>plectitur,</span> <span class='ocrx_word' id='word_1_70' title='bbox 1033 1518 1106 1575; x_wconf 86' lang='lat' dir='ltr'>et</span> <span class='ocrx_word' id='word_1_71' title='bbox 1158 1499 1232 1573; x_wconf 89' lang='lat' dir='ltr'>in</span> <span class='ocrx_word' id='word_1_72' title='bbox 1273 1498 1645 1589; x_wconf 77' lang='lat' dir='ltr'>levioribus</span> <span class='ocrx_word' id='word_1_73' title='bbox 1695 1498 1881 1572; x_wconf 82' lang='lat' dir='ltr'>vitiis</span> <span class='ocrx_word' id='word_1_74' title='bbox 1913 1498 2260 1595; x_wconf 63' lang='lat' dir='ltr'>versatur:</span> <span class='ocrx_word' id='word_1_75' title='bbox 2312 1520 2541 1593; x_wconf 84' lang='lat' dir='ltr'>neque</span> <span class='ocrx_word' id='word_1_76' title='bbox 2571 1510 2691 1567; x_wconf 78' lang='lat' dir='ltr'>ta-</span> 
     </span>
     <span class='ocr_line' id='line_1_12' title="bbox 635 1608 2748 1715; baseline -0.002 -24"><span class='ocrx_word' id='word_1_77' title='bbox 635 1636 800 1691; x_wconf 82' lang='lat' dir='ltr'>rnen</span> <span class='ocrx_word' id='word_1_78' title='bbox 849 1618 996 1690; x_wconf 88' lang='lat' dir='ltr'>ullo</span> <span class='ocrx_word' id='word_1_79' title='bbox 1051 1619 1268 1693; x_wconf 89' lang='lat' dir='ltr'>modo</span> <span class='ocrx_word' id='word_1_80' title='bbox 1326 1618 1725 1715; x_wconf 79' lang='lat' dir='ltr'>spernenda,</span> <span class='ocrx_word' id='word_1_81' title='bbox 1787 1612 2051 1712; x_wconf 89' lang='lat' dir='ltr'>quippe</span> <span class='ocrx_word' id='word_1_82' title='bbox 2104 1636 2265 1711; x_wconf 83' lang='lat' dir='ltr'>quae</span> <span class='ocrx_word' id='word_1_83' title='bbox 2326 1608 2685 1687; x_wconf 78' lang='lat' dir='ltr'>nonn&#39;uffis</span> <span class='ocrx_word' id='word_1_84' title='bbox 2747 1642 2748 1711; x_wconf 82' lang='lat' dir='ltr'>j</span> 
     </span>
     <span class='ocr_line' id='line_1_13' title="bbox 633 1724 2689 1806; baseline -0.003 -2"><span class='ocrx_word' id='word_1_85' title='bbox 633 1730 806 1805; x_wconf 88' lang='lat' dir='ltr'>locis</span> <span class='ocrx_word' id='word_1_86' title='bbox 830 1730 970 1805; x_wconf 81' lang='lat' dir='ltr'>sola</span> <span class='ocrx_word' id='word_1_87' title='bbox 999 1756 1231 1806; x_wconf 83' lang='lat' dir='ltr'>veram</span> <span class='ocrx_word' id='word_1_88' title='bbox 1266 1732 1635 1805; x_wconf 69' lang='lat' dir='ltr'>lefflonem</span> <span class='ocrx_word' id='word_1_89' title='bbox 1664 1728 1903 1805; x_wconf 80' lang='lat' dir='ltr'>servet.</span> <span class='ocrx_word' id='word_1_90' title='bbox 1994 1730 2353 1803; x_wconf 78' lang='lat' dir='ltr'>Scnor‘rt</span> <span class='ocrx_word' id='word_1_91' title='bbox 2398 1724 2689 1799; x_wconf 82' lang='lat' dir='ltr'>nomine</span> 
     </span>
     <span class='ocr_line' id='line_1_14' title="bbox 634 1838 2689 1943; baseline -0.001 -26"><span class='ocrx_word' id='word_1_92' title='bbox 634 1870 788 1918; x_wconf 84' lang='lat' dir='ltr'>eam</span> <span class='ocrx_word' id='word_1_93' title='bbox 838 1845 1362 1943; x_wconf 72' lang='lat' dir='ltr'>appellavimm,</span> <span class='ocrx_word' id='word_1_94' title='bbox 1418 1872 1562 1923; x_wconf 85' lang='lat' dir='ltr'>non</span> <span class='ocrx_word' id='word_1_95' title='bbox 1608 1846 1803 1942; x_wconf 89' lang='lat' dir='ltr'>quod</span> <span class='ocrx_word' id='word_1_96' title='bbox 1852 1844 1909 1917; x_wconf 91' lang='lat' dir='ltr'>is</span> <span class='ocrx_word' id='word_1_97' title='bbox 1960 1866 2116 1917; x_wconf 81' lang='lat' dir='ltr'>earn</span> <span class='ocrx_word' id='word_1_98' title='bbox 2162 1857 2285 1917; x_wconf 85' lang='lat' dir='ltr'>aut</span> <span class='ocrx_word' id='word_1_99' title='bbox 2330 1838 2689 1939; x_wconf 78' lang='lat' dir='ltr'>collegerit</span> 
     </span>
     <span class='ocr_line' id='line_1_15' title="bbox 632 1956 2689 2058; baseline -0.001 -27"><span class='ocrx_word' id='word_1_100' title='bbox 632 1976 760 2032; x_wconf 81' lang='lat' dir='ltr'>aut</span> <span class='ocrx_word' id='word_1_101' title='bbox 793 1956 1236 2057; x_wconf 87' lang='lat' dir='ltr'>descripserit,</span> <span class='ocrx_word' id='word_1_102' title='bbox 1287 1960 1401 2033; x_wconf 86' lang='lat' dir='ltr'>sed</span> <span class='ocrx_word' id='word_1_103' title='bbox 1454 1960 1649 2058; x_wconf 86' lang='lat' dir='ltr'>quod</span> <span class='ocrx_word' id='word_1_104' title='bbox 1698 1982 1914 2033; x_wconf 83' lang='lat' dir='ltr'>manu</span> <span class='ocrx_word' id='word_1_105' title='bbox 1959 1958 2077 2033; x_wconf 80' lang='lat' dir='ltr'>sua</span> <span class='ocrx_word' id='word_1_106' title='bbox 2111 1982 2371 2032; x_wconf 85' lang='lat' dir='ltr'>nomen</span> <span class='ocrx_word' id='word_1_107' title='bbox 2402 1956 2539 2054; x_wconf 79' lang='lat' dir='ltr'>ipse</span> <span class='ocrx_word' id='word_1_108' title='bbox 2570 1956 2689 2029; x_wconf 86' lang='lat' dir='ltr'>su·</span> 
     </span>
     <span class='ocr_line' id='line_1_16' title="bbox 632 2072 2683 2173; baseline -0.002 -26"><span class='ocrx_word' id='word_1_109' title='bbox 632 2096 760 2147; x_wconf 83' lang='lat' dir='ltr'>um</span> <span class='ocrx_word' id='word_1_110' title='bbox 805 2074 983 2147; x_wconf 88' lang='lat' dir='ltr'>libro</span> <span class='ocrx_word' id='word_1_111' title='bbox 1013 2074 1380 2171; x_wconf 84' lang='lat' dir='ltr'>adscripfit,</span> <span class='ocrx_word' id='word_1_112' title='bbox 1441 2073 1647 2173; x_wconf 83' lang='lat' dir='ltr'>seque</span> <span class='ocrx_word' id='word_1_113' title='bbox 1692 2074 1840 2169; x_wconf 86' lang='lat' dir='ltr'>ejus</span> <span class='ocrx_word' id='word_1_114' title='bbox 1886 2072 2260 2149; x_wconf 77' lang='lat' dir='ltr'>dominum</span> <span class='ocrx_word' id='word_1_115' title='bbox 2308 2072 2439 2145; x_wconf 60' lang='lat' dir='ltr'>effe</span> <span class='ocrx_word' id='word_1_116' title='bbox 2470 2072 2683 2169; x_wconf 84' lang='lat' dir='ltr'>figni-</span> 
     </span>
     <span class='ocr_line' id='line_1_17' title="bbox 629 2186 2677 2287; baseline -0.002 -24"><span class='ocrx_word' id='word_1_117' title='bbox 629 2189 891 2263; x_wconf 72' lang='lat' dir='ltr'>ficavit.</span> <span class='ocrx_word' id='word_1_118' title='bbox 975 2190 1246 2263; x_wconf 86' lang='lat' dir='ltr'>Modus</span> <span class='ocrx_word' id='word_1_119' title='bbox 1277 2190 1436 2263; x_wconf 83' lang='lat' dir='ltr'>libri</span> <span class='ocrx_word' id='word_1_120' title='bbox 1468 2190 1592 2277; x_wconf 86' lang='lat' dir='ltr'>est,</span> <span class='ocrx_word' id='word_1_121' title='bbox 1624 2189 1751 2287; x_wconf 90' lang='lat' dir='ltr'>qui</span> <span class='ocrx_word' id='word_1_122' title='bbox 1782 2192 1997 2287; x_wconf 80' lang='lat' dir='ltr'>vulgo</span> <span class='ocrx_word' id='word_1_123' title='bbox 2030 2188 2311 2279; x_wconf 87' lang='lat' dir='ltr'>dicitur,</span> <span class='ocrx_word' id='word_1_124' title='bbox 2346 2188 2423 2261; x_wconf 89' lang='lat' dir='ltr'>in</span> <span class='ocrx_word' id='word_1_125' title='bbox 2456 2186 2621 2263; x_wconf 79' lang='lat' dir='ltr'>folio</span> <span class='ocrx_word' id='word_1_126' title='bbox 2656 2216 2677 2258; x_wconf 71' lang='grc' dir='ltr'>ε</span> 
     </span>
     <span class='ocr_line' id='line_1_18' title="bbox 631 2296 2685 2405; baseline -0.001 -28"><span class='ocrx_word' id='word_1_127' title='bbox 631 2296 1074 2405; x_wconf 71' lang='lat' dir='ltr'>uhaquaeque</span> <span class='ocrx_word' id='word_1_128' title='bbox 1119 2304 1374 2403; x_wconf 78' lang='lat' dir='ltr'>pagina</span> <span class='ocrx_word' id='word_1_129' title='bbox 1422 2305 1779 2405; x_wconf 70' lang='lat' dir='ltr'>aequaliter</span> <span class='ocrx_word' id='word_1_130' title='bbox 1834 2330 1877 2377; x_wconf 82' lang='lat' dir='ltr'>a</span> <span class='ocrx_word' id='word_1_131' title='bbox 1928 2305 2245 2401; x_wconf 77' lang='lat' dir='ltr'>supremo</span> <span class='ocrx_word' id='word_1_132' title='bbox 2304 2302 2397 2375; x_wconf 81' lang='lat' dir='ltr'>ad</span> <span class='ocrx_word' id='word_1_133' title='bbox 2452 2301 2685 2375; x_wconf 85' lang='lat' dir='ltr'>imum</span> 
     </span>
     <span class='ocr_line' id='line_1_19' title="bbox 634 2416 2689 2517; baseline -0.002 -24"><span class='ocrx_word' id='word_1_134' title='bbox 634 2419 1018 2517; x_wconf 82' lang='lat' dir='ltr'>marginem</span> <span class='ocrx_word' id='word_1_135' title='bbox 1053 2420 1128 2491; x_wconf 90' lang='lat' dir='ltr'>in</span> <span class='ocrx_word' id='word_1_136' title='bbox 1157 2420 1330 2493; x_wconf 85' lang='lat' dir='ltr'>duas</span> <span class='ocrx_word' id='word_1_137' title='bbox 1363 2436 1591 2517; x_wconf 86' lang='lat' dir='ltr'>partes</span> <span class='ocrx_word' id='word_1_138' title='bbox 1634 2422 1765 2494; x_wconf 88' lang='lat' dir='ltr'>five</span> <span class='ocrx_word' id='word_1_139' title='bbox 1794 2418 2153 2493; x_wconf 84' lang='lat' dir='ltr'>columnas</span> <span class='ocrx_word' id='word_1_140' title='bbox 2201 2416 2521 2492; x_wconf 60' lang='lat' dir='ltr'>diffinita</span> <span class='ocrx_word' id='word_1_141' title='bbox 2552 2416 2689 2501; x_wconf 84' lang='lat' dir='ltr'>est,</span> 
     </span>
     <span class='ocr_line' id='line_1_20' title="bbox 633 2530 2693 2631; baseline -0.001 -26"><span class='ocrx_word' id='word_1_142' title='bbox 633 2552 935 2631; x_wconf 78' lang='lat' dir='ltr'>quarum</span> <span class='ocrx_word' id='word_1_143' title='bbox 995 2530 1068 2605; x_wconf 85' lang='lat' dir='ltr'>in</span> <span class='ocrx_word' id='word_1_144' title='bbox 1117 2534 1332 2606; x_wconf 82' lang='lat' dir='ltr'>altera</span> <span class='ocrx_word' id='word_1_145' title='bbox 1388 2532 1545 2608; x_wconf 89' lang='lat' dir='ltr'>sunt</span> <span class='ocrx_word' id='word_1_146' title='bbox 1596 2534 1920 2608; x_wconf 59' lang='lat' dir='ltr'>lectiones</span> <span class='ocrx_word' id='word_1_147' title='bbox 1980 2530 2289 2620; x_wconf 63' lang='lat' dir='ltr'>Aldinae,</span> <span class='ocrx_word' id='word_1_148' title='bbox 2345 2531 2419 2603; x_wconf 88' lang='lat' dir='ltr'>in</span> <span class='ocrx_word' id='word_1_149' title='bbox 2472 2532 2693 2605; x_wconf 78' lang='lat' dir='ltr'>altera</span> 
     </span>
     <span class='ocr_line' id='line_1_21' title="bbox 631 2643 2691 2744; baseline -0.002 -23"><span class='ocrx_word' id='word_1_150' title='bbox 631 2648 1038 2721; x_wconf 87' lang='lat' dir='ltr'>earumdem</span> <span class='ocrx_word' id='word_1_151' title='bbox 1093 2646 1593 2723; x_wconf 61' lang='lat' dir='ltr'>correctiones:</span> <span class='ocrx_word' id='word_1_152' title='bbox 1670 2662 1989 2744; x_wconf 83' lang='lat' dir='ltr'>utraeque</span> <span class='ocrx_word' id='word_1_153' title='bbox 2038 2647 2283 2721; x_wconf 78' lang='lat' dir='ltr'>eadem</span> <span class='ocrx_word' id='word_1_154' title='bbox 2332 2643 2529 2718; x_wconf 80' lang='lat' dir='ltr'>lineae</span> <span class='ocrx_word' id='word_1_155' title='bbox 2576 2669 2691 2717; x_wconf 73' lang='lat' dir='ltr'>re·</span> 
     </span>
     <span class='ocr_line' id='line_1_22' title="bbox 625 2758 2685 2861; baseline -0.001 -27"><span class='ocrx_word' id='word_1_156' title='bbox 625 2762 815 2861; x_wconf 84' lang='lat' dir='ltr'>gula.</span> <span class='ocrx_word' id='word_1_157' title='bbox 917 2760 1254 2861; x_wconf 85' lang='lat' dir='ltr'>Qinque</span> <span class='ocrx_word' id='word_1_158' title='bbox 1296 2760 1521 2859; x_wconf 84' lang='lat' dir='ltr'>prima</span> <span class='ocrx_word' id='word_1_159' title='bbox 1566 2760 1732 2835; x_wconf 85' lang='lat' dir='ltr'>folia</span> <span class='ocrx_word' id='word_1_160' title='bbox 1764 2758 2017 2835; x_wconf 76' lang='lat' dir='ltr'>mutila</span> <span class='ocrx_word' id='word_1_161' title='bbox 2050 2775 2123 2833; x_wconf 92' lang='lat' dir='ltr'>et</span> <span class='ocrx_word' id='word_1_162' title='bbox 2159 2774 2493 2833; x_wconf 77' lang='lat' dir='ltr'>truncata</span> <span class='ocrx_word' id='word_1_163' title='bbox 2516 2758 2685 2831; x_wconf 78' lang='lat' dir='ltr'>sunt</span> 
     </span>
     <span class='ocr_line' id='line_1_23' title="bbox 545 2874 2687 2975; baseline -0.002 -25"><span class='ocrx_word' id='word_1_164' title='bbox 545 2890 548 2893; x_wconf 82' lang='grc'><strong>’</strong></span> <span class='ocrx_word' id='word_1_165' title='bbox 629 2878 968 2951; x_wconf 85' lang='lat' dir='ltr'>exteriore</span> <span class='ocrx_word' id='word_1_166' title='bbox 1001 2878 1120 2951; x_wconf 86' lang='lat' dir='ltr'>sua</span> <span class='ocrx_word' id='word_1_167' title='bbox 1149 2892 1388 2975; x_wconf 81' lang='lat' dir='ltr'>paroe3</span> <span class='ocrx_word' id='word_1_168' title='bbox 1426 2892 1511 2955; x_wconf 89' lang='lat' dir='ltr'>ut</span> <span class='ocrx_word' id='word_1_169' title='bbox 1536 2876 1749 2965; x_wconf 87' lang='lat' dir='ltr'>tituli,</span> <span class='ocrx_word' id='word_1_170' title='bbox 1782 2876 2153 2952; x_wconf 80' lang='lat' dir='ltr'>vetustiore</span> <span class='ocrx_word' id='word_1_171' title='bbox 2182 2900 2397 2950; x_wconf 81' lang='lat' dir='ltr'>manu</span> <span class='ocrx_word' id='word_1_172' title='bbox 2422 2874 2687 2971; x_wconf 89' lang='lat' dir='ltr'>scripti,</span> 
     </span>
     <span class='ocr_line' id='line_1_24' title="bbox 629 2980 2691 3089; baseline 0 -25"><span class='ocrx_word' id='word_1_173' title='bbox 629 2994 1136 3065; x_wconf 84' lang='lat' dir='ltr'>tantummodo</span> <span class='ocrx_word' id='word_1_174' title='bbox 1185 2996 1336 3068; x_wconf 80' lang='lat' dir='ltr'>haec</span> <span class='ocrx_word' id='word_1_175' title='bbox 1392 2994 1625 3079; x_wconf 84' lang='lat' dir='ltr'>verba,</span> <span class='ocrx_word' id='word_1_176' title='bbox 1678 2994 1785 3066; x_wconf 81' lang='lat' dir='ltr'>his</span> <span class='ocrx_word' id='word_1_177' title='bbox 1832 2980 2101 3066; x_wconf 64' lang='lat' dir='ltr'>lacunis</span> <span class='ocrx_word' id='word_1_178' title='bbox 2149 2990 2539 3089; x_wconf 85' lang='lat' dir='ltr'>interrupta</span> <span class='ocrx_word' id='word_1_179' title='bbox 2570 2990 2691 3064; x_wconf 80' lang='lat' dir='ltr'>su·</span> 
     </span>
     <span class='ocr_line' id='line_1_25' title="bbox 630 3106 2693 3203; baseline 0.002 -28"><span class='ocrx_word' id='word_1_180' title='bbox 630 3108 882 3198; x_wconf 85' lang='lat' dir='ltr'>perfint</span> <span class='ocrx_word' id='word_1_181' title='bbox 915 3135 932 3177; x_wconf 77' lang='lat' dir='ltr'><strong><em>z</em></strong></span> <span class='ocrx_word' id='word_1_182' title='bbox 991 3109 1469 3179; x_wconf 77' lang='lat' dir='ltr'>Emendationes</span> <span class='ocrx_word' id='word_1_183' title='bbox 1492 3164 1511 3181; x_wconf 90' lang='lat'><strong>.</strong></span> <span class='ocrx_word' id='word_1_184' title='bbox 1540 3162 1555 3179; x_wconf 90' lang='lat'>.</span> <span class='ocrx_word' id='word_1_185' title='bbox 1587 3164 1603 3181; x_wconf 90' lang='lat'><strong>.</strong></span> <span class='ocrx_word' id='word_1_186' title='bbox 1640 3164 1657 3182; x_wconf 87' lang='lat'>.</span> <span class='ocrx_word' id='word_1_187' title='bbox 1698 3107 2034 3203; x_wconf 84' lang='lat' dir='ltr'>Opuscula,</span> <span class='ocrx_word' id='word_1_188' title='bbox 2070 3106 2265 3202; x_wconf 82' lang='lat' dir='ltr'>Copia</span> <span class='ocrx_word' id='word_1_189' title='bbox 2296 3162 2310 3180; x_wconf 92' lang='lat'><em>.</em></span> <span class='ocrx_word' id='word_1_190' title='bbox 2349 3164 2365 3181; x_wconf 90' lang='lat'><strong>.</strong></span> <span class='ocrx_word' id='word_1_191' title='bbox 2402 3158 2420 3181; x_wconf 86' lang='grc'><strong>.</strong></span> <span class='ocrx_word' id='word_1_192' title='bbox 2456 3110 2535 3179; x_wconf 85' lang='lat' dir='ltr'>lis</span> <span class='ocrx_word' id='word_1_193' title='bbox 2565 3162 2584 3178; x_wconf 88' lang='lat'><strong>.</strong></span> <span class='ocrx_word' id='word_1_194' title='bbox 2616 3162 2636 3178; x_wconf 90' lang='lat'><strong>.</strong></span> <span class='ocrx_word' id='word_1_195' title='bbox 2674 3164 2693 3180; x_wconf 88' lang='lat'><strong>.</strong></span> 
     </span>
     <span class='ocr_line' id='line_1_26' title="bbox 631 3218 2691 3317; baseline 0.002 -28"><span class='ocrx_word' id='word_1_196' title='bbox 631 3220 786 3289; x_wconf 86' lang='lat' dir='ltr'>Car.</span> <span class='ocrx_word' id='word_1_197' title='bbox 823 3222 1062 3291; x_wconf 86' lang='lat' dir='ltr'>Amulii</span> <span class='ocrx_word' id='word_1_198' title='bbox 1083 3246 1163 3317; x_wconf 81' lang='lat' dir='ltr'>qu</span> <span class='ocrx_word' id='word_1_199' title='bbox 1187 3276 1204 3292; x_wconf 88' lang='lat'>.</span> <span class='ocrx_word' id='word_1_200' title='bbox 1239 3275 1256 3293; x_wconf 90' lang='lat'><strong>.</strong></span> <span class='ocrx_word' id='word_1_201' title='bbox 1286 3277 1303 3292; x_wconf 92' lang='lat'>.</span> <span class='ocrx_word' id='word_1_202' title='bbox 1337 3222 1575 3295; x_wconf 84' lang='lat' dir='ltr'><em>Romae.</em></span> <span class='ocrx_word' id='word_1_203' title='bbox 1677 3223 1761 3293; x_wconf 85' lang='lat' dir='ltr'>In</span> <span class='ocrx_word' id='word_1_204' title='bbox 1792 3234 1987 3316; x_wconf 85' lang='lat' dir='ltr'>parte</span> <span class='ocrx_word' id='word_1_205' title='bbox 2020 3218 2341 3295; x_wconf 82' lang='lat' dir='ltr'>interiore</span> <span class='ocrx_word' id='word_1_206' title='bbox 2370 3218 2691 3316; x_wconf 87' lang='lat' dir='ltr'>ejusdem</span> 
     </span>
     <span class='ocr_line' id='line_1_27' title="bbox 624 3324 2705 3431; baseline 0.004 -30"><span class='ocrx_word' id='word_1_207' title='bbox 624 3330 927 3426; x_wconf 78' lang='lat' dir='ltr'>paginae,</span> <span class='ocrx_word' id='word_1_208' title='bbox 959 3324 1332 3405; x_wconf 82' lang='lat' dir='ltr'>‘recentior</span> <span class='ocrx_word' id='word_1_209' title='bbox 1391 3354 1645 3405; x_wconf 85' lang='lat' dir='ltr'>manus</span> <span class='ocrx_word' id='word_1_210' title='bbox 1710 3334 1858 3407; x_wconf 88' lang='lat' dir='ltr'>haec</span> <span class='ocrx_word' id='word_1_211' title='bbox 1922 3334 2269 3431; x_wconf 77' lang='lat' dir='ltr'>apposuit,</span> <span class='ocrx_word' id='word_1_212' title='bbox 2352 3334 2705 3409; x_wconf 76' lang='lat' dir='ltr'>Plutarchi</span> 
     </span>
     <span class='ocr_line' id='line_1_28' title="bbox 627 3445 2693 3552; baseline 0.004 -35"><span class='ocrx_word' id='word_1_213' title='bbox 627 3445 1019 3547; x_wconf 34' lang='lat' dir='ltr'>Moralium,</span> <span class='ocrx_word' id='word_1_214' title='bbox 1065 3448 1376 3521; x_wconf 65' lang='lat' dir='ltr'>Editiomk</span> <span class='ocrx_word' id='word_1_215' title='bbox 1434 3452 1590 3523; x_wconf 81' lang='lat' dir='ltr'><em>Ald.</em></span> <span class='ocrx_word' id='word_1_216' title='bbox 1640 3454 1773 3547; x_wconf 89' lang='lat' dir='ltr'>fol.</span> <span class='ocrx_word' id='word_1_217' title='bbox 1843 3477 1868 3524; x_wconf 93' lang='lat'>1</span> <span class='ocrx_word' id='word_1_218' title='bbox 1886 3478 1925 3551; x_wconf 84' lang='lat'><em>5</em></span> <span class='ocrx_word' id='word_1_219' title='bbox 1936 3478 1972 3548; x_wconf 85' lang='lat'>3</span> <span class='ocrx_word' id='word_1_220' title='bbox 1994 3478 2017 3524; x_wconf 87' lang='lat'>1</span> <span class='ocrx_word' id='word_1_221' title='bbox 2034 3508 2051 3527; x_wconf 82' lang='lat'><strong>.</strong></span> <span class='ocrx_word' id='word_1_222' title='bbox 2153 3457 2325 3552; x_wconf 85' lang='lat' dir='ltr'>Qo</span> <span class='ocrx_word' id='word_1_223' title='bbox 2384 3450 2538 3523; x_wconf 81' lang='lat' dir='ltr'>sane</span> <span class='ocrx_word' id='word_1_224' title='bbox 2604 3449 2693 3525; x_wconf 88' lang='lat' dir='ltr'>in</span> 
     </span>
     <span class='ocr_line' id='line_1_29' title="bbox 623 3566 2691 3667; baseline 0.004 -32"><span class='ocrx_word' id='word_1_225' title='bbox 623 3586 922 3637; x_wconf 86' lang='lat' dir='ltr'>numero</span> <span class='ocrx_word' id='word_1_226' title='bbox 955 3566 1205 3639; x_wconf 80' lang='lat' dir='ltr'>erravit</span> <span class='ocrx_word' id='word_1_227' title='bbox 1237 3582 1634 3642; x_wconf 78' lang='lat' dir='ltr'>annotator.</span> <span class='ocrx_word' id='word_1_228' title='bbox 1740 3568 2055 3657; x_wconf 81' lang='lat' dir='ltr'>Inferius,</span> <span class='ocrx_word' id='word_1_229' title='bbox 2092 3570 2517 3667; x_wconf 78' lang='lat' dir='ltr'>adscriptum</span> <span class='ocrx_word' id='word_1_230' title='bbox 2548 3568 2691 3658; x_wconf 83' lang='lat' dir='ltr'>est,</span> 
     </span>
     <span class='ocr_line' id='line_1_30' title="bbox 627 3680 2690 3783; baseline 0.004 -33"><span class='ocrx_word' id='word_1_231' title='bbox 627 3680 739 3750; x_wconf 87' lang='lat' dir='ltr'>Ex</span> <span class='ocrx_word' id='word_1_232' title='bbox 803 3680 1168 3753; x_wconf 82' lang='lat' dir='ltr'>bibliotheca</span> <span class='ocrx_word' id='word_1_233' title='bbox 1235 3682 1595 3783; x_wconf 77' lang='lat' dir='ltr'>Cardinalis</span> <span class='ocrx_word' id='word_1_234' title='bbox 1660 3685 2101 3757; x_wconf 76' lang='lat' dir='ltr'>Granvellani.</span> <span class='ocrx_word' id='word_1_235' title='bbox 2236 3687 2385 3757; x_wconf 76' lang='lat' dir='ltr'>Sum</span> <span class='ocrx_word' id='word_1_236' title='bbox 2468 3683 2690 3759; x_wconf 84' lang='lat' dir='ltr'><em>Andr.</em></span> 
     </span>
     <span class='ocr_line' id='line_1_31' title="bbox 631 3794 2693 3893; baseline 0.005 -28"><span class='ocrx_word' id='word_1_237' title='bbox 631 3794 874 3867; x_wconf 77' lang='lat' dir='ltr'>Schotti</span> <span class='ocrx_word' id='word_1_238' title='bbox 901 3800 1236 3893; x_wconf 84' lang='lat' dir='ltr'>Antwerp.</span> <span class='ocrx_word' id='word_1_239' title='bbox 1337 3799 1663 3873; x_wconf 82' lang='lat' dir='ltr'>Servatur</span> <span class='ocrx_word' id='word_1_240' title='bbox 1710 3799 1783 3873; x_wconf 87' lang='lat' dir='ltr'>in</span> <span class='ocrx_word' id='word_1_241' title='bbox 1814 3799 2243 3876; x_wconf 82' lang='lat' dir='ltr'>Bibliotheca</span> <span class='ocrx_word' id='word_1_242' title='bbox 2276 3798 2693 3875; x_wconf 78' lang='lat' dir='ltr'>Academiae</span> 
     </span>
     <span class='ocr_line' id='line_1_32' title="bbox 625 3906 2694 4011; baseline 0.006 -32"><span class='ocrx_word' id='word_1_243' title='bbox 625 3906 1334 4006; x_wconf 53' lang='lat' dir='ltr'>LugdunorBataVQ</span> <span class='ocrx_word' id='word_1_244' title='bbox 1369 3910 1551 3986; x_wconf 87' lang='lat' dir='ltr'>inter</span> <span class='ocrx_word' id='word_1_245' title='bbox 1582 3912 1793 3988; x_wconf 80' lang='lat' dir='ltr'>libros</span> <span class='ocrx_word' id='word_1_246' title='bbox 1825 3916 2206 3989; x_wconf 70' lang='lat' dir='ltr'>VoffianOS.</span> <span class='ocrx_word' id='word_1_247' title='bbox 2294 3916 2371 3987; x_wconf 89' lang='lat' dir='ltr'>N</span> <span class='ocrx_word' id='word_1_248' title='bbox 2374 3940 2522 3989; x_wconf 83' lang='lat' dir='ltr'>um.</span> <span class='ocrx_word' id='word_1_249' title='bbox 2566 3940 2591 3986; x_wconf 90' lang='lat'>1</span> <span class='ocrx_word' id='word_1_250' title='bbox 2612 3940 2694 4011; x_wconf 83' lang='lat'>5.</span> 
     </span>
    </p>

    <p class='ocr_par' dir='ltr' id='par_1_6' title="bbox 631 4024 2699 4245">
     <span class='ocr_line' id='line_1_33' title="bbox 724 4024 2693 4127; baseline 0.002 -32"><span class='ocrx_word' id='word_1_251' title='bbox 724 4024 970 4121; x_wconf 82' lang='lat' dir='ltr'>Longe</span> <span class='ocrx_word' id='word_1_252' title='bbox 1004 4025 1278 4121; x_wconf 81' lang='lat' dir='ltr'>majoris</span> <span class='ocrx_word' id='word_1_253' title='bbox 1311 4028 1657 4102; x_wconf 86' lang='lat' dir='ltr'>momenti</span> <span class='ocrx_word' id='word_1_254' title='bbox 1686 4044 1759 4101; x_wconf 87' lang='lat' dir='ltr'>et</span> <span class='ocrx_word' id='word_1_255' title='bbox 1790 4028 2202 4127; x_wconf 83' lang='lat' dir='ltr'>praestantiae</span> <span class='ocrx_word' id='word_1_256' title='bbox 2234 4029 2397 4104; x_wconf 82' lang='lat' dir='ltr'>sunt</span> <span class='ocrx_word' id='word_1_257' title='bbox 2431 4026 2693 4101; x_wconf 57' lang='lat' dir='ltr'>letitie-</span> 
     </span>
     <span class='ocr_line' id='line_1_34' title="bbox 631 4142 2699 4245; baseline 0.005 -37"><span class='ocrx_word' id='word_1_258' title='bbox 631 4160 750 4209; x_wconf 86' lang='lat' dir='ltr'>nes</span> <span class='ocrx_word' id='word_1_259' title='bbox 805 4142 1104 4237; x_wconf 76' lang='lat' dir='ltr'>Exempli</span> <span class='ocrx_word' id='word_1_260' title='bbox 1151 4142 1546 4227; x_wconf 77' lang='lat' dir='ltr'>Turnebiani.</span> <span class='ocrx_word' id='word_1_261' title='bbox 1649 4143 1821 4220; x_wconf 88' lang='lat' dir='ltr'>Hoc</span> <span class='ocrx_word' id='word_1_262' title='bbox 1875 4145 2171 4225; x_wconf 74' lang='lat' dir='ltr'>nomine,</span> <span class='ocrx_word' id='word_1_263' title='bbox 2218 4144 2699 4245; x_wconf 64' lang='lat' dir='ltr'>significamus</span> 
     </span>
    </p>
   </div>
  </div>
 </body>
</html>
