2842 4784
750 287 1684 367 PRAEFATIO.
2037 283 2256 366 cxxxi

238 481 301 550 fit
325 478 501 576 quod
532 480 651 551 RE
667 503 691 550 1
710 503 903 551 31<1o
939 476 1300 562 debeatur,
1338 475 1678 571 quodque
1705 473 1854 568 ejus
1884 471 2254 576 proprium

234 597 315 680 fit,
346 621 423 668 ne
450 594 619 667 forte
654 608 780 666 aut
817 619 1084 690 parum
1100 607 1223 667 aut
1258 591 1578 665 nimium·
1595 589 1974 665 censeatur.

311 715 407 784 Ac
434 709 737 806 primum
771 710 1089 808 quidem,
1139 710 1533 805 complures
1567 707 1780 781 libros
1815 732 1958 780 non
1987 706 2254 806 attigit,

232 827 591 924 paginarum
650 827 872 901 totius
922 828 1149 925 operis
1202 825 1344 902 fere
1391 828 1904 926 quadrantem:
1969 824 2042 897 hi
2089 824 2254 898 sunt

236 943 329 1015 De
383 946 763 1017 Educatione
778 999 799 1031 ,
870 946 1417 1044 Apophthegmata
1490 947 1736 1044 Regum
1819 960 1880 1016 et
1965 942 2256 1026 Ducum,

236 1059 731 1158 Apophthegmata
760 1061 1103 1147 Laconica,
1145 1063 1439 1151 Instituta
1460 1061 1802 1146 Laconica,
1833 1059 2254 1131 Lacaenarum

236 1173 754 1272 Apophthegmata,
790 1174 1147 1248 Mulierum
1177 1179 1483 1263 Virtutes,
1523 1175 1896 1274 Qaestiones
1924 1176 2254 1258 Romanae,

243 1286 562 1379 Quaefliones
608 1291 879 1376 Graecae,
934 1291 1268 1368 Parallela
1320 1291 1552 1363 Graeca
1595 1307 1656 1361 et
1702 1293 1990 1362 Romana
2015 1317 2042 1360 .-
2093 1302 2254 1360 tum

234 1427 363 1476 vero
412 1402 481 1476 hi
531 1429 621 1478 ex
674 1403 1002 1478 interiore
1056 1404 1399 1493 doctrina,
1463 1408 1582 1490 De
1627 1409 1822 1495 Fato,
1888 1407 2256 1499 Quaestiones

232 1513 567 1604 Naturales,
616 1519 737 1591 De
768 1521 963 1591 Vultu
1004 1523 1075 1592 in
1128 1520 1273 1593 orbe
1318 1521 1551 1608 Lunae,
1610 1521 1978 1616 Quaestiones
2026 1524 2253 1595 Plato-

232 1631 373 1716 πίω,
407 1633 515 1706 De
544 1635 764 1706 Animi
768 1637 1170 1740 generatione
1200 1661 1276 1708 ex
1312 1634 1542 1710 Timaeo
1575 1638 1894 1722 Platonis,
1933 1637 2049 1708 De
2072 1638 2253 1710 Com-

234 1747 469 1822 munibus
496 1749 583 1822 N
578 1752 779 1823 otitiis
810 1750 1117 1850 adversm
1151 1753 1379 1826 Stoicos
1411 1750 1672 1848 partim
1697 1783 1720 1837 ;
1775 1752 1894 1826 De
1921 1751 2202 1844 Mtfica.

310 1859 562 1937 Deinde
594 1889 865 1952 earum,
902 1891 1063 1964 quae
1097 1864 1285 1953 sunt,
1327 1865 2038 1940 Animadverfionum
2071 1879 2259 1940 certe
2387 1848 2394 1854 ’

240 1970 463 2052 serniffis
492 1978 835 2073 ejusmodi
869 1979 993 2067 est,
1043 1995 1127 2054 ut
1164 2007 1310 2056 non
1342 1982 1436 2054 ad
1481 1979 2048 2058 emendationem
2081 1978 2258 2060 refe·

238 2103 453 2178 muttit,
502 2092 619 2168 sed
677 2092 1177 2175 contineantur
1232 2095 1495 2172 notulis
1549 2095 1914 2182 historiciS,
1964 2119 2257 2194 geogra-

240 2201 435 2294 phicis,
478 2206 816 2296 literariis,
866 2211 955 2284 de
998 2210 1435 2299 hominibus,
1486 2211 1682 2300 lociS‚
1733 2210 2200 2310 Scriptoribus
2229 2246 2258 2300 ;

237 2339 363 2413 quae
402 2325 689 2410 notulae,
739 2339 825 2400 ut
873 2350 963 2398 ex
1008 2327 1436 2424 pervulgatis
1487 2327 1676 2401 libris
1723 2329 1994 2427 petitae,
2047 2327 2258 2402 utiles

238 2432 477 2527 quidem
530 2437 859 2528 indostis,
912 2465 1055 2514 non
1108 2439 1307 2516 facile
1370 2469 1412 2516 a
1466 2443 1692 2519 doctis
1757 2445 2251 2543 requirantur:

240 2545 481 2628 subinde
527 2581 819 2654 quoque
864 2558 1348 2646 correctione&
1399 2574 1605 2634 antea
1653 2560 1882 2635 obiter
1929 2562 2130 2634 factae
2165 2561 2257 2633 ab

241 2663 593 2746 hominibus
626 2672 945 2760 eruditi5‚
981 2699 1070 2747 ex
1107 2699 1353 2748 eorum
1386 2673 1578 2750 libris
1606 2675 2055 2751 adferuntur:
2093 2673 2256 2747 sub-

242 2780 365 2852 inde
410 2782 575 2860 item
624 2786 763 2860 loci
814 2789 1153 2862 Veterum
1207 2814 1249 2860 a
1299 2787 1680 2868 Plutarcho
1726 2788 1840 2860 vel
1886 2785 2260 2864 memorati

238 2899 321 2970 vel
363 2903 711 3001 fignificati
766 2907 853 2978 ad
906 2905 1063 2978 suos
1120 2907 1466 2980 Auctor-es
1516 2901 1956 2978 referuntur:
2021 2904 2138 2974 sed
2181 2902 2259 2976 hi

236 3006 343 3084 fere
370 3015 615 3094 suntet
650 3018 789 3092 loci
824 3016 1111 3095 illustres
1142 3035 1359 3116 atque
1394 3016 1778 3116 conspicui,
1814 3031 1884 3089 et
1912 3016 2258 3088 Auctores

239 3149 369 3203 cum
428 3133 773 3232 principes
856 3150 1013 3208 tum
1077 3137 1548 3231 plurimorum
1615 3131 1744 3204 usu
1805 3129 2255 3228 frequentati,

240 3240 575 3336 Homerus,
628 3250 1025 3346 Euripides,
1088 3251 1521 3345 Xenophon,
1579 3246 1866 3322 similes:
1940 3244 2256 3342 perditos

238 3379 573 3461 eorumque
610 3364 955 3463 reliqum,
1006 3379 1129 3440 aut
1178 3362 1656 3461 philosophOS,
1705 3362 2028 3460 quamvis
2061 3362 2255 3459 prin-

239 3467 408 3567 cipeS,
485 3479 881 3564 Platonem,
970 3477 1448 3563 Aristotelem,
1533 3493 1817 3550 caeteros
1836 3531 1858 3563 ,
1943 3475 2256 3574 quorum

242 3587 583 3666 maximum
640 3593 743 3667 est
794 3595 887 3668 ad
937 3591 1295 3668 Plutarchi
1348 3590 1882 3690 intelligentiam
1931 3615 2254 3664 momen-

242 3711 393 3789 tum,
436 3732 573 3784 non
627 3709 871 3808 legifl‘e,
910 3708 1199 3783 videtur
1252 3711 1684 3797 Rmsxnss,
1745 3723 1931 3786 certe
1985 3709 2254 3782 nullam

246 3815 410 3890 exiis
440 3822 813 3898 Plutarcho
848 3849 1063 3921 opem
1096 3823 1363 3898 attulit.
1470 3825 1668 3897 Tota
1715 3824 1864 3897 haec
1906 3820 2252 3895 Animad-

248 3933 583 4009 versionum
616 3965 785 4036 pars
836 3943 1057 4014 valere
1101 3954 1375 4037 poterat
1416 3939 1508 4013 ad
1543 3939 2012 4014 minuendum
2055 3940 2252 4012 labo-

252 4061 367 4116 rem
392 4046 611 4125 futuro
642 4053 894 4130 editori
928 4055 995 4128 ei
1016 4056 1141 4153 qui
1168 4053 1403 4130 subito
1429 4052 1749 4135 existeret
1776 4077 1860 4134 ac
1877 4052 2254 4155 negotium

1172 4195 1199 4245 1
1234 4194 1279 4249 2
