2842 4784
77 367 80 480 ἓ

723 279 1656 358 PRAEFATIO.
2009 276 2234 388 'cxli

77 487 79 530 ὲ
204 491 324 542 non
351 463 495 542 satis
528 467 813 544 firmam
845 465 1345 542 auetoritatem
1374 467 1744 555 haberent,
1783 489 2236 564 quarumque

206 581 439 658 notatio
486 583 675 658 viam
734 582 1171 658 inveniendae
1228 609 1409 659 verae
1469 580 1788 658 lectionis
1850 579 2240 680 patefacere

77 679 79 764 ἶ
207 700 534 774 videretur.
623 699 951 774 Omnino
982 699 1173 774 locos
1206 725 1251 772 a
1284 701 1752 786 STEPHANO,
1783 695 2048 771 incerta
2074 695 2242 770 licet

204 816 599 902 auetoritate‚
647 831 891 888 tamen
936 813 1029 886 ad
1072 813 1470 889 orationem
1517 830 1590 888 et
1623 809 2042 887 sententiam
2073 834 2239 907 pro-

207 930 487 1006 babiliter
512 933 889 1017 correctos,
920 929 1048 1004 ubi
1077 929 1217 1004 mei
1250 928 1528 1005 codices
1561 928 1662 1004 nil
1691 927 1918 1004 sanius
1949 925 2240 1026 integri-

209 1043 391 1143 usque
424 1043 797 1132 adferrent,
851 1045 1143 1119 retinere
1193 1045 1441 1134 malui,
1495 1071 1718 1144 quam
1766 1060 1975 1120 vetus
2035 1041 2242 1118 Aldi-

212 1186 353 1234 num
380 1164 629 1236 vulnus
665 1162 907 1236 denuo
940 1161 1222 1260 aperire.
1326 1161 1718 1262 Reliquam
1767 1187 2058 1238 omnem
2095 1163 2242 1236 lec·

212 1274 379 1350 tionis
408 1277 841 1365 varietatem,
888 1277 1148 1375 partim
1198 1276 1275 1351 in
1310 1276 2053 1353 Animadverfionibus
2087 1301 2246 1350 me-

214 1393 625 1482 morabimuS,
660 1392 925 1491 partim
957 1393 1033 1466 in
1067 1393 1399 1492 peculiari
1439 1393 1679 1470 Indice
1705 1391 2198 1468 exhibebimus
2215 1419 2240 1466 t

211 1531 391 1602 quam
452 1512 499 1583 fi
561 1507 723 1607 quis
794 1508 1125 1584 adhibeat
1193 1509 1802 1586 Annotationibus
1869 1505 2248 1584 contextui

217 1621 517 1718 subjeetis,
570 1623 627 1697 is
682 1622 779 1696 nil
826 1625 1162 1698 desideret
1208 1626 1301 1698 ad
1342 1651 1502 1698 eam
1547 1649 1766 1723 quam
1799 1638 2059 1698 vocant
2096 1625 2244 1698 Ge·

218 1741 558 1840 nealogiam
621 1756 1027 1828 contextuS,
1100 1745 1261 1830 five,
1325 1743 1414 1816 ad
1483 1743 1768 1838 plenam
1836 1739 2244 1837 justamque

218 1855 649 1954 cognitionem
686 1856 1173 1932 mutationum
1224 1857 1480 1956 quovis
1529 1858 1690 1932 loco
1731 1855 1824 1928 ab
1857 1853 2246 1929 editoribus

222 1968 497 2068 deinceps
529 1971 900 2046 faCtarum.

298 2086 517 2161 Tertia
548 2085 861 2160 materiae
894 2113 1050 2184 pars
1082 2086 1183 2160 est
1217 2085 1711 2186 Interpretatio
1745 2085 2029 2175 Latina,
2081 2109 2247 2184 quae

224 2199 395 2298 vulgo
424 2202 686 2276 dicitur
725 2205 949 2296 Vedio,
1056 2205 1267 2302 Qiae,
1318 2218 1403 2277 ut
1453 2204 1678 2276 abeffe
1727 2202 1941 2276 debet
1988 2202 2080 2275 ab
2120 2227 2246 2275 ex·

224 2315 423 2411 emplis
454 2319 545 2391 ad
572 2317 965 2391 scholarum
1000 2343 1081 2391 ac
1117 2318 1432 2392 tironum
1459 2317 1980 2394 institutionem
2013 2313 2252 2406 editis,

223 2454 324 2502 nec
350 2433 760 2506 desideratur
794 2435 880 2506 ab
920 2431 999 2504 iis
1034 2432 1162 2530 qui
1198 2436 1447 2508 Graeca
1495 2460 1697 2533 aeque
1731 2434 2108 2508 commode
2140 2431 2252 2506 in-

222 2542 507 2642 telligunt
544 2573 623 2621 ac
661 2547 947 2634 Latina,
998 2547 1099 2620 ita
1149 2548 1388 2622 omitti
1425 2575 1568 2624 non
1598 2564 1876 2646 poterat
1909 2549 1986 2620 in
2017 2547 2251 2622 nostra

224 2658 541 2750 Editione,
574 2661 841 2760 quippe
877 2664 965 2735 ad
998 2688 1458 2738 communem
1491 2664 1820 2738 omnium
1859 2662 2067 2737 usum
2098 2661 2252 2734 des·

224 2771 431 2864 tinata,
481 2803 791 2876 quorum
844 2781 1051 2877 longe
1098 2777 1453 2878 maximus
1500 2803 1835 2853 numerus
1881 2802 1970 2850 ex
2015 2773 2254 2850 medio

221 2893 491 2983 quodam
524 2919 773 2994 genere
822 2893 946 2980 est,
998 2893 1115 2966 cui
1166 2895 1403 2966 Verfio
1455 2909 1526 2966 et
1572 2909 1772 2992 grata
1803 2907 1875 2965 et
1911 2890 2104 2964 utilis
2139 2891 2248 2962 fit.

219 3007 329 3078 Sed
356 3007 695 3082 Verfionis
732 3007 983 3104 triplex
1034 3008 1133 3081 est
1183 3007 1524 3080 officium.
1631 3004 1956 3082 Primum
1991 3001 2114 3090 est,
2165 3015 2255 3078 ut

221 3121 283 3191 fit
310 3147 479 3210 vera,
512 3149 640 3197 nec
674 3123 869 3196 aliud
906 3125 1241 3220 loquatur
1276 3139 1496 3219 atque
1530 3125 1829 3196 AuCtor.
1890 3121 2250 3208 Alterum,

225 3249 287 3306 ut
336 3239 408 3311 fit
462 3241 613 3312 bene
668 3241 935 3312 Latina.
1042 3237 1401 3326 Tertium,
1463 3253 1548 3312 ut
1592 3235 1928 3313 AuCtoris
1981 3235 2254 3310 senten-

225 3349 365 3424 tiam
392 3379 530 3426 non
562 3353 903 3439 universe,
953 3353 1068 3425 sed
1119 3353 1470 3452 figillatim
1515 3367 1586 3427 et
1623 3366 1944 3427 accurate
1980 3352 2254 3438 reddat,

222 3465 462 3564 ejusque
494 3468 997 3567 proprietatem
1044 3467 1119 3541 in
1164 3469 1391 3542 verbis
1443 3483 1514 3542 et
1564 3467 2084 3544 construetione
2127 3489 2255 3540 ex-

226 3580 481 3672 primat:
537 3585 737 3684 quod
772 3583 1089 3658 officium
1137 3582 1274 3658 fere
1325 3584 1694 3684 negligunt
1738 3583 1812 3658 in
1851 3578 2256 3681 vulgaribus

226 3692 437 3794 linguis
487 3698 691 3772 faetae
746 3701 1133 3785 verfiones,
1193 3724 1353 3797 quae
1410 3700 1478 3772 se
1529 3700 1768 3799 potius
1833 3691 2258 3792 exemplaria

227 3833 406 3904 quarn
436 3807 793 3913 imagine5‚
832 3813 1033 3912 quod
1066 3815 1353 3886 barbare
1386 3815 1635 3890 dicunt
1670 3815 2008 3912 originalia
2047 3814 2259 3908 potius

230 3949 373 4018 quam
401 3934 605 4025 copiae,
656 3929 896 4002 haberi
931 3915 1186 4012 volunt
1222 3958 1238 4001 ε
1293 3943 1610 4002 attamen
1645 3953 1800 4000 eam
1831 3923 1979 4000 vim
2011 3924 2256 4010 habet,

234 4055 397 4114 uteo
425 4045 718 4120 demum
749 4046 1034 4120 duobus
1070 4045 1419 4141 prioribus
1452 4043 1694 4120 officiis
1728 4041 2000 4128 addite,
2049 4043 2258 4114 bonae

234 4153 533 4236 Verfionis
599 4160 873 4236 numeri
934 4163 1372 4258 expleantur.
1479 4162 1675 4234 Nam
1731 4173 1803 4234 et
1864 4157 2255 4234 Auetorem
