2842 4784
759 254 1705 350 PRAEFATIO.
2174 284 2269 345 xv

212 444 314 529 tio
339 440 792 541 conjunctior
821 458 966 517 erat
1013 468 1180 519 cum
1211 439 1688 517 adolescentiae
1725 464 1897 513 rneae
1930 442 2173 517 ardore
2206 458 2277 517 et

219 560 504 659 impetu.
536 646 548 676 ι
989 660 1004 669 .

305 678 558 774 Itaque
601 674 682 749 in
731 674 1144 773 praefatione
1191 676 1404 752 libelli
1446 678 1562 763 -de-
1582 680 1740 749 Sera
1786 677 2081 751 Numinis
2120 680 2275 751 Vin-

217 792 380 865 dicia
423 790 766 887 deinceps
815 790 1012 877 editi,
1055 816 1197 864 non
1249 788 1573 868 dubitavi
1615 817 1873 863 nomen
1917 792 2277 889 fidemque

219 906 514 1004 profiteri
549 908 644 985 de
677 907 996 991 universa
1017 908 1341 983 omnium
1371 908 1951 987 Plutarcheorum
1982 934 2277 1005 operum

219 1024 540 1098 Editione
574 1022 1038 1109 conficienda,
1093 1024 1314 1119 Cujus
1351 1022 1699 1101 Editionis
1734 1050 1924 1099 nunc
1956 1025 2278 1112 demum,

213 1141 654 1237 praeterlapfis
708 1138 954 1237 viginti
1009 1140 1290 1213 duobus
1340 1142 1565 1225 annis,
1618 1137 1919 1235 priorem
1976 1156 2277 1235 partem,

215 1254 324 1330 seu
365 1257 674 1330 Moralia
721 1254 956 1332 solvo:
1014 1253 1276 1329 tardius
1327 1254 1647 1350 profecto
1696 1270 1770 1331 et
1816 1280 1973 1333 mea
2020 1254 2159 1350 spe,
2204 1268 2279 1329 et

215 1396 376 1445 vero
441 1373 844 1445 multorum
914 1368 1244 1466 opinione
1306 1368 1703 1453 hominum.
1806 1370 2029 1465 Apud
2098 1394 2279 1469 quos

213 1512 442 1583 quum
493 1486 624 1559 ista
675 1512 788 1559 me
833 1484 1120 1567 tarditas
1172 1485 1246 1560 in
1295 1483 1749 1581 suspicionem
1795 1486 1905 1559 vel
1948 1483 2276 1584 pigritiae,

219 1604 322 1675 vel
371 1599 732 1687 vanitatis,
787 1599 1208 1688 adduxerim
1285 1600 1503 1673 facere
1566 1625 1709 1681 non
1763 1600 1951 1695 poffe
2008 1598 2277 1687 videor,

215 1716 392 1811 quin
421 1716 512 1787 de
547 1717 682 1799 hac
713 1740 829 1788 me
865 1712 1240 1815 suspicione
1287 1740 1611 1813 purgem,
1656 1714 2092 1812 rationesque
2138 1732 2276 1791 tar-

225 1830 454 1904 ditatis
488 1831 808 1915 reddam.

321 1948 537 2046 Igitur
565 1948 918 2023 continuo
951 1950 1040 2021 ab
1075 1948 1212 2037 illa,
1247 1948 1463 2021 libelli
1499 1950 1578 2023 de
1609 1954 1769 2021 Sera
1802 1950 2094 2024 Numinis
2126 1954 2279 2023 Vin·-

217 2068 414 2153 ᾰὶἑῑα,
465 2065 780 2147 editione
829 2068 910 2139 in
951 2092 1217 2143 novum
1252 2064 1465 2139 incidi
1500 2064 1663 2139 vitae
1696 2090 1917 2163 genus
1952 2094 1975 2153 :-
2022 2066 2280 2163 profes-

221 2181 474 2257 forium
534 2208 650 2257 me
709 2208 972 2257 munus
1029 2210 1118 2257 ex
1171 2182 1308 2255 alio
1357 2184 1685 2279 deinceps
1735 2180 1925 2259 aliud
1974 2182 2277 2280 excepit,

221 2299 785 2395 unumquodque
821 2297 940 2373 sua
975 2298 1096 2379 fibi
1133 2296 1447 2373 novitate
1482 2324 1693 2373 omne
1728 2324 1967 2379 meum
1996 2312 2281 2397 tempus

223 2411 595 2487 vindicans,
701 2414 872 2487 Hoc
909 2412 984 2487 in
1019 2412 1186 2493 vitae
1228 2439 1475 2513 >genere
1510 2416 1555 2485 s1
1590 2412 1847 2500 dicam,
1898 2414 2277 2495 duodecim

225 2526 423 2601 instar
465 2554 820 2622 annorum
867 2546 1146 2626 tempus
1197 2530 1284 2603 de
1335 2531 1719 2607 Plutarcho
1764 2532 2107 2619 ablatum,
2152 2534 2277 2606 da-

225 2656 378 2715 tum
405 2640 604 2717 fuiffe
635 2643 982 2733 docendo,
1009 2643 1394 2729 scribendo,
1426 2644 1721 2743 agend0,
1752 2646 1943 2727 haud
1976 2645 2279 2753 nitnium

221 2756 472 2833 dicam.
579 2758 870 2857 Singula
919 2784 1322 2833 enumerare
1367 2786 1495 2833 nec
1538 2784 1719 2855 opus
1762 2760 1885 2848 est,
1936 2777 2007 2835 et
2034 2762 2278 2841 ,osten-

227 2871 564 2947 tationem
629 2874 886 2948 habere
951 2873 1296 2947 videatur.
1413 2878 1668 2949 Annus
1732 2900 1915 2947 unus
1972 2892 2046 2951 et
2104 2876 2279 2961 item

227 2988 412 3075 alter,
473 2990 708 3084 plures
761 2988 1112 3085 deincepS,
1171 2988 1272 3061 ita
1321 2986 1612 3061 abibant
1662 3006 1745 3064 ut
1790 2990 2099 3091 muneris
2141 2991 2282 3089 ipse

229 3100 360 3183 mei
393 3101 796 3202 fitagerem,
834 3104 1216 3179 Plutarcho
1250 3128 1394 3176 non
1428 3101 1553 3179 nisi
1590 3100 1999 3192 subsecivaS,
2034 3105 2281 3203 easque

231 3240 496 3313 pamas,
545 3220 788 3294 darem
831 3221 1060 3306 horas,
1105 3242 1234 3291 nec
1284 3219 1373 3290 ad
1423 3215 1829 3291 laboriosam
1876 3220 2279 3295 meditatio·

233 3356 408 3421 nem,
457 3332 580 3415 sed
621 3336 714 3412 ad
747 3332 1146 3431 quotidiani
1175 3331 1431 3406 laboris
1462 3330 1775 3431 requiem
1808 3347 1881 3408 et
1914 3336 2279 3411 relaxatio·-

231 3470 404 3533 μασι.
2294 3454 2307 3465 “

319 3567 519 3641 Turn
560 3590 730 3643 vero
777 3564 1122 3663 paulatim
1161 3562 1416 3662 agnovi
1468 3578 1819 3661 quantum
1864 3563 1981 3640 illa
2026 3590 2139 3639 me
2179 3564 2279 3643 fe·

233 3676 486 3757 felliffet
517 3679 766 3777 opinio
795 3681 886 3753 de
918 3677 1244 3777 proximo
1275 3675 1614 3751 decennio
1620 3732 1641 3767 ,
1676 3704 1825 3775 quo
1854 3678 2281 3777 speraveram

233 3816 340 3867 me
381 3794 774 3869 editionem
821 3794 1306 3869 absoluturum
1353 3793 1510 3865 efl'e.
1614 3792 1959 3867 Rationes
2007 3793 2282 3869 numeri

231 3906 694 3985 subduxeram
752 3912 846 3985 ad
905 3910 1204 3983 modum
1264 3906 1623 4004 temporis»,
1691 3909 1889 4005 quod
1942 3907 2019 3981 in
2076 3910 2279 3980 ador-

233 4026 460 4099 nando
504 4024 748 4099 libello
779 4028 864 4099 de
894 4030 1051 4099 Sera
1086 4024 1383 4097 Numinis
1421 4024 1713 4095 Vinatk'la
1746 4018 2277 4099 consumseram.

231 4138 400 4229 Hoc
453 4139 678 4233 fuerat
721 4155 1028 4239 quatuor
1063 4162 1434 4213 annorum.
1539 4138 1785 4235 Itaque
1830 4136 2077 4211 decem
2114 4134 2281 4221 anni
