2842 4784
869 216 1847 299 PRAEFATIQ·
2201 182 2377 308 &fi

277 394 450 491 pleti
505 396 850 497 mihique
909 404 1003 475 ad
1063 430 1306 481 meum
1360 407 1566 481 usum
1622 408 2001 485 utilisfimi:
2076 408 2381 507 aliorum

285 510 436 585 usui
467 528 558 586 ut
592 506 1265 609 accommodentur,
1317 521 1416 596 nil
1466 521 1587 597 nisi
1623 522 1890 622 aliquid
1922 524 2164 599 formae
2198 505 2373 599 de‘fi-

287 626 560 702 derant.

393 744 780 821 Hactenus
833 748 921 821 de
975 752 1497 849 Interpretatione
1540 752 1864 827 dietum:
1920 782 2109 829 nunc
2143 756 2230 829 de
2266 760 2367 831 E-

311 860 700 934 mendatione
732 862 1142 937 dicendum.
1245 866 1489 963 Hujus
1522 868 1785 965 duplex
1824 869 1921 942 est
1970 870 2151 956 som,
2201 874 2371 945 alter

314 968 382 1043 in
411 958 834 1051 auctoritate
871 993 941 1051 et
979 977 1307 1077 scriptura
1339 996 1659 1057 veterum
1703 980 2033 1057 codicum
2076 988 2365 1099 pofituS,

315 1088 522 1161 alter
507 1117 582 1163 m
613 1092 1036 1187 conjecturae
1067 1095 1579 1193 probabilitate.

403 1207 499 1278 Et
529 1205 766 1303 primo
801 1208 1120 1304 quidem,
1172 1225 1253 1283 ut
1287 1212 1398 1296 fit,
1450 1212 1537 1285 ad
1571 1213 2041 1308 conjecturam
2091 1240 2203 1286 me
2240 1214 2363 1287 da-

311 1318 494 1407 bam,
545 1334 618 1393 et
667 1320 910 1419 postea
952 1322 1218 1421 semper
1258 1350 1412 1399 eam
1448 1326 1877 1400 consectatus
1912 1326 2090 1401 sum.
2195 1331 2363 1401 Erat

311 1432 490 1507 enim
557 1434 752 1509 ferax
821 1437 1326 1513 emendationis
1404 1457 1617 1537 partae
1686 1458 2007 1525 accurata
2066 1440 2365 1517 lectione

311 1550 686 1633 Auctoris:
740 1568 885 1637 erat
909 1554 1164 1635 „eadem
1197 1554 1448 1627 laboris
1479 1548 1635 1656 pars
1671 1556 2190 1652 jucundissima,
2233 1582 2361 1629 nec

307 1666 498 1765 labor
525 1666 771 1763 potius
805 1692 1025 1765 quam
1073 1668 1610 1753 condimentum
1640 1671 1915 1743 laboris.
2020 1674 2103 1747 In
2138 1671 2361 1747 mani-

311 1780 436 1853 bus
467 1782 822 1855 habebam
865 1784 1239 1879 parvulum
1270 1786 1609 1858 volumen
1652 1785 1957 1881 exempli
2004 1788 2360 1859 SrEPHA-

310 1920 544 1970 mas-⁷1
589 1896 824 1969 Graeci
853 1896 1086 1983 habile
1119 1909 1190 1983 et
1222 1898 1312 1971 ad
1345 1898 1765 1999 gestandum
1794 1898 1993 1971 facile
2014 1928 2039 1974 ;
2074 1914 2363 1995 captans

305 2009 536 2085 aestivo
573 2026 889 2109 tempore
920 2013 1248 2097 umbram
1282 2016 1639 2109 arborum,
1674 2012 1965 2086 hiberno
1992 2012 2361 2087 matutinae

303 2128 488 2200 horae
523 2122 1030 2225 integritatem,
1081 2130 1441 2201 nocturnae
1478 2128 2087 2229 tranquillitatem,
2140 2128 2360 2225 conji-

299 2240 570 2315 ciebam
603 2268 718 2316 me
755 2242 830 2315 in
861 2242 1234 2325 lectionem
1269 2244 1652 2330 Plutarchi,
1688 2242 1760 2317 in
1788 2243 1933 2351 ejus
1961 2270 2075 2316 me
2100 2242 2356 2317 oratio·

299 2384 460 2432 nem
491 2372 563 2431 et
597 2357 1008 2431 sententiam
1041 2357 1322 2455 penitus
1368 2358 1828 2445 insinuabam,
1880 2356 2102 2435 sensus
2132 2358 2355 2445 laten-

291 2488 395 2547 -tes
445 2476 639 2571 quafi
699 2470 1001 2570 vestigiis
1055 2474 1400 2545 odorabat
1454 2491 1525 2556 et
1580 2473 2025 2573 indagabam.
2132 2474 2357 2548 Nulla

293 2610 438 2663 non
487 2587 699 2663 lectio
747 2588 998 2665 habuit
1049 2586 1381 2686 infignem
1433 2578 1852 2665 inventionis
1909 2585 2351 2673 suavitatem,

291 2730 430 2803 qua
482 2728 630 2777 non
679 2701 886 2777 aliam
935 2702 1270 2802 majorem
1319 2700 1440 2776 Dii
1488 2701 1899 2776 mortalibus
1932 2701 2347 2807 largiuntur.

289 2822 527 2896 Modo
564 2820 1034 2915 corruptelam
1069 2818 1418 2907 sanabam,
1469 2818 1689 2891 modo
1732 2817 2229 2901 obscuritatem
2266 2816 2350 2889 il-

279 2935 692 3022 lustrabam,
745 2932 1282 3032 frequentisfime
1333 2947 1640 3006 veterem
1682 2930 1823 3039 ipse
1871 2943 2117 3015 ,tntum
2156 2957 2347 3015 ‚erro-

287 3076 432 3124 rem
465 3048 931 3149 corrigebam,
965 3074 1111 3147 quo
1145 3047 1311 3121 locis
1346 3047 1545 3134 saniS,
1598 3050 1920 3124 nondum
1954 3047 2345 3136 intellectis,

287 3166 682 3246 violentum
729 3166 1116 3247 remedium
1167 3166 1654 3245 adhibuissem.
1759 3170 1894 3242 Sed
1926 3171 2077 3243 haec
2108 3169 2199 3243 ad
2232 3166 2345 3243 fu-

283 3296 462 3357 turae
495 3284 745 3356 dotem
781 3280 1127 3355 Editionis
1162 3280 1589 3387 spectabant.
1692 3282 1895 3356 Alius
1940 3299 2089 3357 erat
2138 3286 2347 3383 longe

285 3397 718 3497 praestantior
767 3396 1028 3497 ingenii
1072 3395 1431 3495 animique
1479 3395 1796 3473 fructus:
1850 3413 1935 3473 ut
1978 3424 2147 3473 cum
2187 3426 2343 3497 per-

285 3512 649 3617 spiciendis
695 3512 1268 3611 philosophorum
1317 3514 1681 3611 praeceptis
1736 3516 1824 3589 ad
1878 3542 2110 3593 rerum
2162 3516 2342 3591 divi·

281 3656 532 3713 narum
582 3629 1193 3725 humanarumque
1246 3627 1775 3727 intelligentiam
1828 3630 2141 3705 nonnihil
2176 3656 2341 3729 pro-

281 3744 528 3833 feciffe,
581 3760 748 3819 tum
794 3744 1130 3843 sapienter
1182 3742 1469 3818 monitis
1517 3761 1585 3820 et
1628 3744 1992 3843 praeceptis
2042 3746 2133 3819 ad
2181 3771 2343 3821 vera

283 3859 580 3959 falsaque
639 3862 832 3934 bona
885 3858 1349 3957 dignoscenda
1404 3874 1474 3933 et
1528 3864 1712 3933 reete
1766 3858 2190 3947 aestimanda,
2248 3862 2340 3935 ad

271 3976 767 4081 praejudicatas
818 3968 1179 4073 opiniones
1237 3992 1308 4047 et
1362 4001 1571 4049 vanas
1625 3974 1819 4074 vulgi
1872 3976 2106 4049 laudes
2170 4002 2336 4049 con-

277 4096 721 4183 temnenda&
771 4092 1130 4193 aliquanto
1181 4090 1401 4191 magis
1436 4092 1807 4182 instruetus
1850 4108 1919 4168 'et
1965 4094 2335 4172 confirma,

1252 4208 1388 4307 b4
