2842 4784
600 277 819 356 cxxiv
1170 275 2102 356 PRAEFATIO.

596 462 918 562 perfecit,
954 460 1067 536 sed
1102 475 1341 536 tamen
1370 485 1456 534 ea
1487 459 1562 534 in
1601 456 2122 534 commentariis
2153 455 2419 555 scriptis
2449 483 2686 532 anno-

597 591 747 652 tata
776 573 1085 672 reliquit,
1122 589 1204 647 ut
1238 574 1432 648 haud
1465 573 1818 670 postremo
1869 575 1949 646 fit
1991 573 2150 644 loco
2189 572 2553 669 ponendus
2589 569 2682 644 in

593 690 955 764 Moralmm
1005 687 1594 760 Plutarcheorum
1629 683 2222 758 emendatoribus,
2325 682 2499 758 Fuit
2545 682 2682 756 hic

588 805 931 878 excellens
978 804 1297 881 doctrina
1342 804 1472 892 vir,
1521 802 1749 878 omnis
1795 799 2265 899 Antiquitatis
2301 815 2374 874 et
2416 797 2678 876 Histo-

588 919 707 993 riae
768 920 943 994 item
1011 918 1478 1018 Philosophiae
1535 917 2006 1016 peritiflimuS,
2071 918 2340 990 Graecae
2399 913 2673 1014 linguae
2778 977 2779 980 ,

588 1049 910 1108 accurate
941 1032 1358 1134 intelligen5‚
1410 1031 1736 1108 fabularis
1771 1029 2078 1119 rationis»,
2127 1029 2248 1104 seu
2285 1030 2672 1127 Mytholo-

588 1149 748 1250 giae,
818 1132 1107 1228 omnem
1174 1149 1468 1226 omnino
1533 1150 1813 1248 copiam
1867 1164 1941 1223 et
1999 1147 2360 1222 ambitum
2420 1160 2668 1222 mente

586 1269 1047 1363 complexus:
1096 1269 1238 1342 huc
1266 1267 1644 1342 accedebat
1679 1266 1950 1364 egregia
1983 1291 2215 1340 rerum
2249 1265 2672 1340 Mathema-

593 1381 897 1456 ticarurn
943 1381 1246 1469 scientia,
1296 1396 1382 1456 ut
1433 1383 1624 1456 haud
1673 1381 1879 1456 sciam
1927 1407 2018 1456 an
2061 1406 2276 1456 nemo
2305 1379 2465 1478 post
2489 1406 2672 1456 eum

589 1497 663 1572 in
700 1513 1009 1596 utroque
1040 1521 1289 1598 genere
1324 1513 1611 1572 tantum
1643 1495 1963 1570 valuerit.
2067 1494 2297 1570 Testis
2345 1495 2448 1568 est
2479 1494 2666 1570 Dio-

587 1612 837 1712 phanti
872 1613 1142 1700 Editio,
1202 1611 1391 1686 testis
1415 1609 2012 1689 'Commentarius
2053 1609 2128 1686 in
2175 1608 2422 1686 Ovidii
2455 1608 2666 1706 Epis-

588 1729 790 1814 tolaS,
830 1727 1015 1802 testis
1066 1727 1399 1802 Narratio
1447 1729 1536 1802 de
1588 1725 1868 1800 consilio
1919 1751 2000 1800 ac
2051 1723 2425 1822 specimine
2455 1751 2667 1800 novae

589 1843 1194 1944 Interpretationis
1282 1842 1572 1919 Gallicae
1639 1867 1938 1940 operum
2009 1843 2596 1920 Plutarcheorum
2639 1872 2660 1914 t

587 1959 792 2034 testes
841 1959 1001 2036 sunt
1050 1960 1197 2034 aliae
1246 1962 1492 2036 multae
1541 1985 1782 2058 eaeque
1827 1957 2298 2035 eruditiffimae
2341 1959 2660 2058 scriptio-

586 2101 735 2162 nes,
788 2077 1050 2174 partim
1106 2075 1417 2174 repetitae
1468 2075 1731 2174 partim
1777 2094 2181 2161 memoratae
2225 2075 2300 2150 in
2345 2077 2668 2154 editione

586 2189 1097 2266 Commentarii
1134 2190 1467 2265 Ovidiani
1501 2189 1686 2266 facta
1719 2195 1953 2292 Hagae
1987 2219 2174 2266 anno
2220 2193 2458 2292 1716.
2515 2193 2664 2268 Sed

586 2305 787 2402 quod
804 2307 911 2380 ‘ad
942 2304 1403 2380 Plutarchum
1436 2304 1728 2403 spectat,
1782 2305 2122 2401 ejusmodi
2157 2307 2276 2382 est.
2379 2309 2666 2382 Μετι-

586 2444 889 2494 numus
943 2445 1131 2494 anno
1191 2423 1375 2519 1635
1429 2423 1652 2498 lectus
1695 2424 2101 2499 Academia:
2151 2425 2505 2500 Francicae
2559 2451 2670 2500 re·

584 2561 748 2610 cens
782 2519 1119 2614 institutae
1154 2535 1425 2627 sodalis,
1475 2563 1566 2615 ex
1607 2539 1757 2637 lege
1808 2537 2436 2636 Disputationem
2419 2567 2492 2616 in
2528 2545 2660 2617 So-

584 2649 855 2726 dalium
886 2665 1245 2726 conventu
1275 2653 1642 2752 legendam
1677 2653 1963 2730 scribere
1988 2655 2416 2756 aggrediens,
2449 2683 2662 2756 argu-

580 2783 911 2844 mentum
972 2770 1093 2846 fibi
1157 2769 1395 2846 sumfit
1453 2773 1534 2846 de
1590 2775 2110 2870 Interpretatione
2147 2774 2217 2859 *,
2277 2773 2352 2847 id
2411 2771 2514 2848 est
2567 2775 2660 2846 de

582 2886 793 2960 bonae
830 2882 1173 2960 Verfionis
1206 2885 1488 2962 officio:
1541 2912 1684 2984 qua
1719 2885 1793 2960 in
1843 2885 2344 2983 Disputatione
2379 2890 2660 2976 Verfio-

582 3026 748 3078 nem
804 3006 1146 3078 AMYorr
1206 3000 1532 3089 recenset,
1593 3000 2131 3078 innumerabilia
2190 3004 2281 3075 ab
2341 3027 2427 3075 eo
2479 3001 2656 3077 vitia

581 3115 903 3204 admiffa,
932 3119 1140 3192 doc'te
1172 3131 1636 3214 accurateque
1667 3116 1968 3191 ostendit
1999 3147 2016 3190 :
2073 3117 2279 3216 seque
2311 3115 2452 3213 ipse
2473 3121 2662 3194 Plu-

586 3231 809 3304 tarchi
860 3231 1097 3328 Opera
1144 3231 1385 3304 denuo
1438 3230 1706 3306 Gallice
1759 3231 2206 3307 redditurum
2251 3233 2656 3329 profitetur.

580 3345 757 3420 Hoc
809 3343 957 3438 ejus
1006 3343 1376 3418 confilium
1425 3343 1705 3419 irritum
1751 3343 1915 3422 fecit
1959 3345 2382 3424 immaturus
2417 3347 2658 3428 obitus

582 3483 770 3534 anno
815 3484 840 3531 1
859 3461 1026 3556 638,
1063 3457 1311 3546 aetatis,
1348 3473 1434 3534 ut
1467 3458 1773 3548 videtur,
1823 3461 2080 3559 quinto
2113 3461 2319 3559 supra
2353 3463 2656 3560 quadra-

582 3577 951 3673 gefimum.
1058 3572 1605 3648 Emendationes
1663 3574 1812 3671 ejus
1863 3591 1936 3650 et
2003 3576 2658 3653 Animadverfiones

584 3689 943 3790 adscriptae
978 3689 1202 3766 tribus
1236 3693 1596 3768 Adoralium
1629 3692 2112 3769 voluminibus
2147 3695 2474 3769 editionis
2503 3699 2656 3772 Ste-

584 3808 951 3905 phanianae
988 3807 1259 3882 exstant
1294 3806 1478 3882 inter
1509 3807 1721 3882 libros
1743 3810 2028 3884 IsAAcr
2073 3813 2346 3888 Voss11
2377 3810 2450 3884 in
2485 3810 2650 3884 Bib-

580 3921 883 3998 liotheca
938 3921 1339 4000 Academiae
1402 3923 2110 4023 Lugduno-Batavae,
2175 3923 2302 4000 sub
2355 3949 2658 4008 numero

1190 4175 1229 4217 ὓ
1273 4165 1515 4255 ’Βῇὶοπη
1539 4173 1602 4236 de
1627 4173 1682 4234 Ia
1713 4173 2045 4238 Tradfflion.
