2842 4784
760 293 1682 386 PRAEFATlo..
2131 299 2244 376 ciii

234 472 521 574 insignem
567 475 775 550 ineffe
824 477 899 550 in
948 479 1396 554 Xnamnm
1445 482 1574 552 hac
1607 504 1818 576 opera
1858 481 2136 578 copiam
2169 501 2240 559 et

228 609 593 685 apparatum
642 595 735 666 a'd
770 593 1131 667 Plutarchi
1165 622 1460 668 manum
1490 620 1572 668 ac
1603 594 2014 692 scripturam
2049 599 2238 674 resti-

224 705 531 784 tuendam.
2203 791 2222 822 ·

305 823 457 894 Vitas
498 821 725 900 edidit
774 849 961 898 anno
1009 829 1247 924 15603
1298 829 1622 917 Moralia,
1673 855 1860 904 anno
1903 857 2114 931 1570,
2165 845 2234 906 et

224 933 431 1010 iterum
474 964 686 1040 1572.
794 941 983 1039 Ergo
1032 955 1305 1038 poterat
1352 948 1692 1018 AMYOTI
1741 947 2064 1020 Verfione
2097 947 2264 1035 uti„

224 1074 397 1145 quam
425 1053 501 1125 in
529 1053 947 1151 praefatione
985 1060 1275 1133 Vitat-um
1318 1074 1690 1134 memorat.
1795 1063 2076 1134 Poterat
2125 1061 2237 1136 uti

223 1163 635 1258 Stephaniana
672 1166 1009 1256 editione,
1045 1196 1206 1267 quae
1239 1196 1426 1244 anno
1463 1196 1642 1272 ¹572
1678 1173 1940 1270 prodiit
1975 1190 2046 1249 et
2080 1201 2232 1250 ver-

222 1302 295 1350 no
318 1297 611 1356 meroetu
641 1283 709 1356 F
709 1281 1197 1360 rancofurtum
1228 1285 1327 1360 est
1357 1287 1608 1374 allata3
1662 1289 1850 1362 unde
1892 1289 2232 1365 Xum-

224 1415 343 1468 »εκ
389 1421 534 1470 earn
585 1398 843 1472 nactus
891 1397 1147 1496 cupide
1198 1399 1658 1496 perlustravit,
1711 1400 1991 1500 ejusque
2033 1403 2236 1478 dotes

222 1506 310 1580 sua
349 1507 475 1606 ipse
526 1512 1053 1610 exspeftatione
1106 1512 1406 1588 minores
1457 1516 2003 1612 deprehendens»,
2055 1517 2232 1614 ejus·

219 1623 347 1700 dem
388 1627 541 1700 anni
604 1628 843 1702 mense
900 1628 1229 1727 Augusto
1289 1631 1690 1704 Verfionem
1745 1630 1940 1704 suam
1995 1632 2236 1709 denuo

223 1739 415 1828 edidit,
463 1742 731 1818 additis
786 1758 958 1818 tunc
1012 1743 1323 1840 primum
1368 1743 1974 1818 Annotationibus
2023 1745 2101 1818 iis
2141 1749 2232 1821 de

222 1852 427 1948 quibus
457 1859 689 1934 modo
714 1858 1051 1946 diximus,
1101 1859 1202 1940 ita
1250 1858 1544 1956 quidem
1575 1874 1660 1932 ut
1692 1883 1732 1930 e
1765 1859 2235 1956 Stephaniana

224 1969 297 2042 nil
334 1977 735 2050 affumeret:
792 1977 989 2074 quod
1042 1975 1181 2073 ipse
1233 1989 1305 2056 et
1352 1975 1676 2062 affirmat,
1729 1990 1800 2048 et
1847 1999 2004 2048 vere
2052 1977 2231 2050 affir-

222 2091 381 2162 xmffe
408 2090 712 2168 videtur.
818 2093 1103 2189 Neque,
1152 2092 1243 2164 ab
1292 2095 1650 2165 AMYoro
1696 2090 1872 2189 quid
1913 2116 2080 2166 eum
2114 2117 2230 2165 ac-

224 2202 418 2297 cepiffe
446 2221 515 2279 et
553 2206 635 2280 in
672 2207 1071 2280 Verfionem
1098 2205 1692 2282 Annotationesve
1723 2204 1874 2282 suas
1900 2207 2230 2296 retuliffe,

222 2312 426 2393 dicam.

290 2435 557 2514 Biennio
604 2440 871 2537 postea,
924 2443 1192 2516 Bafileae
1222 2445 1440 2540 „apud
1499 2442 1981 2542 Episcopium,
2040 2469 2228 2519 anno

224 2579 389 2654 1574,
443 2562 751 2636 Moralia
810 2561 1055 2664 Graece
1120 2559 1364 2646 edidit,
1425 2561 1576 2655 jam
1641 2574 1804 2634 ante
1865 2562 2228 2658 vulgatam

217 2669 703 2770 Stephanianam
736 2679 829 2751 ab
864 2676 1012 2774 ipso
1046 2678 1137 2750 ad
1168 2676 1553 2750 editionem
1587 2690 1854 2773 parata,
1904 2690 1989 2749 ut
2021 2675 2225 2749 testa-

218 2797 305 2860 tur
332 2789 395 2864 in
422 2792 835 2892 praefatione
869 2781 961 2868 aid
986 2796 1385 2868 Versionem
1422 2792 1755 2867 Latinam
1787 2792 2045 2866 iterum
2077 2792 2224 2865 edi-

220 2915 331 2982 tam
356 2931 535 2983 anno
578 2935 605 2982 1
622 2935 789 3010 572.

288 3021 507 3120 Hujus
546 3022 819 3101 Grae²cae
850 3024 1177 3100 editionis
1208 3049 1560 3128 perpauca
1591 3025 1682 3097 ad
1723 3023 2025 3098 nostram
2058 3037 2224 3100 aeta-

216 3143 329 3208 tem
350 3154 806 3234 pervenerunt
840 3142 1215 3238 exempla3
1268 3143 1401 3213 five
1448 3140 1646 3238 quod
1693 3141 1786 3212 ab
1834 3138 2034 3215 initio
2078 3167 2224 3216 non

218 3247 308 3323 nifi
336 3279 550 3352 pauca
574 3259 1116 3345 excuderentur,
1152 3259 1285 3332 five
1318 3257 1518 3354 quod
1549 3255 1784 3354 postea
1819 3256 2222 3354 Stephania-

216 3388 423 3446 norum
468 3389 541 3449 et
591 3373 1305 3448 Graeco-Latinorum
1355 3374 1840 3469 exemplorum
1891 3373 2223 3447 multitu·

214 3478 341 3556 dine
394 3513 469 3562 ac
526 3488 925 3587 frequentia
985 3490 1468 3562 obruerentur.
1573 3489 1788 3562 Hanc
1857 3513 2085 3586 quum
2150 3504 2224 3562 et

212 3595 487 3686 privatim
520 3603 674 3692 diu,
726 3621 797 3677 et
829 3605 1133 3701 publice,
1184 3601 1470 3700 prodito
1515 3603 1661 3697 ejus
1707 3602 1802 3676 rei
1853 3601 2112 3676 indicio
2149 3601 2221 3675 in

214 3708 617 3794 Bibliotheca.-
654 3719 937 3794 Criticae
971 3716 1371 3792 Voluminis
1404 3718 1618 3805 tertii,
1656 3721 1864 3791 Parte
1895 3716 2221 3803 secunda,

216 3817 417 3906 frustra
442 3833 915 3932 quaefiviffem,
953 3835 1141 3908 ultro
1174 3834 1263 3908 ad
1299 3858 1412 3906 me
1449 3831 1742 3906 Oxonio
1776 3829 1983 3917 mifit,
2020 3829 2078 3902 is
2103 3830 2222 3906 cui

216 3939 551 4031 Plurimum
586 3949 817 4022 nostra
847 3947 1067 4022 editio
1097 3950 1336 4035 debet,
1370 3949 1799 4042 JonANNEs
1830 3947 2218 4021 RANnoL-

221 4073 405 4148 PHUs,
430 4063 531 4138 vir
564 4064 1055 4138 eruditiffimus
1088 4063 1419 4160 idemque
1453 4059 2001 4135 humanissimus,
2087 4060 2218 4136 Ti·
2305 4093 2312 4101 ·

218 4169 370 4252 tulus
396 4179 508 4256 hic
538 4179 681 4256 est:
734 4193 1295 4256 ΠΛοτΤΑΡΧοτ
1324 4191 1496 4252 Tor
1527 4189 2018 4252 ΧΑΙΡΩΝΕΩΣ
2049 4199 2220 4270 φιλο-

1126 4318 1259 4392 84
