2842 4784
578 276 779 356 cxxii
1143 269 2076 346 PRAEFATIO.

582 461 785 560 quod
820 455 1153 532 Latinam
1190 452 1838 550 interpretationem
1867 451 2218 550 saepiflime
2245 456 2672 556 corrigendo

582 571 916 672 pervertit
950 569 1051 644 est
1082 569 1259 642 illud
1296 568 1594 665 quidem
1641 566 1930 642 minoris
1979 567 2362 666 negotium
2395 570 2668 668 religio-

578 688 717 777 nis,
766 687 879 762 sed
930 701 1171 760 tamen
1221 681 1638 758 temeritatis
1687 681 1976 756 nomine
2024 684 2492 760 vehementer
2523 687 2668 759 cul·

578 803 923 901 pandum.

681 923 1051 1016 Joanms
1106 921 1448 994 Rmum
1507 915 1790 1014 scriptio
1840 913 2126 1014 paginas
2175 918 2432 1014 explet
2490 939 2660 1014 150:

580 1061 804 1134 eaque
868 1031 1205 1132 bipertita
1260 1029 1385 1116 est,
1437 1045 1522 1106 ut
1582 1030 1771 1127 prior
1827 1055 1986 1126 pars
2047 1033 2266 1104 Vitam
2328 1031 2666 1106 Plutarchi

580 1148 940 1225 contineat
994 1145 1261 1246 paginis
1320 1149 1443 1233 66,
1501 1145 1768 1244 reliqua
1822 1147 2453 1240 Animadversiones.
2555 1148 2660 1220 De

582 1265 756 1350 vita,
804 1266 1037 1351 rebuS,
1088 1259 1380 1359 scripti5‚
1433 1265 1768 1336 RuALnr
1807 1259 1906 1334 nil
1940 1258 2115 1334 mihi
2149 1259 2510 1348 innotuit,
2543 1257 2656 1334 nifi

582 1382 783 1478 quod
816 1406 906 1454 ex
938 1379 1085 1476 ejus
1118 1377 1550 1476 praefatione,
1583 1400 1654 1452 et
1683 1378 2082 1474 conjectura
2103 1377 2399 1454 aliunde
2426 1380 2660 1461 ducta,

582 1494 899 1594 suspicari
930 1494 1121 1570 licet.
1222 1493 1444 1594 Qod
1477 1495 1682 1590 quale
1729 1497 1837 1580 fit,
1889 1491 1988 1566 nil
2035 1493 2298 1568 attinet
2334 1494 2658 1568 hocloco

580 1609 949 1706 explicare.
1052 1611 1281 1684 Haud
1330 1609 1850 1688 contemnenda
1899 1607 1976 1682 in
2033 1607 2332 1683 homine
2377 1623 2656 1706 apparet

555 1726 866 1824 ,scientia
900 1724 1379 1826 Antiquitatis
1406 1739 1482 1800 et
1515 1724 1852 1802 Historiae
1885 1723 1960 1802 in
1990 1723 2236 1822 primis
2271 1728 2654 1808 Romamn

586 1845 1007 1920 Graecorum
1038 1842 1257 1918 etiam
1284 1843 1674 1952 'auctorum
1707 1837 1944 1928 Ῑεᾶἰο,
1993 1854 2066 1914 et
2105 1839 2380 1939 linguae
2412 1835 2654 1912 intelli·

580 1959 817 2058 gentia
850 1958 1255 2056 probabilis,
1304 1981 1432 2032 nec
1466 1971 1704 2030 tamen
1755 1955 1872 2032 illa
1919 1957 2011 2030 ad
2065 1955 2416 2032 Criticam
2451 1953 2650 2030 ratio·
2764 1953 2765 1960 ’

584 2099 751 2150 nem
786 2075 1035 2148 exacta
1060 2109 1085 2158 ·,
1136 2074 1366 2146 multa
1415 2070 1802 2168 loquacitas
1849 2085 1920 2145 et
1967 2070 2360 2146 alienarum
2407 2095 2449 2144 a
2501 2093 2650 2166 pro·
2764 2071 2765 2082 ²

581 2192 806 2285 posita
837 2187 1218 2285 quaestione
1252 2211 1487 2262 rerum
1507 2186 1823 2282 jactatio.
1899 2191 2145 2285 Atque
2177 2189 2338 2262 haec
2369 2185 2648 2286 quidem

580 2303 657 2378 in
692 2315 993 2398 utraque
1025 2301 1421 2399 scriptiones
1459 2317 1654 2398 parte
1687 2301 1945 2378 insunt.
2053 2305 2138 2378 In
2183 2303 2644 2380 Animadver-

582 2415 889 2490 fionibus
936 2439 1105 2490 vero
1146 2414 1363 2496 etiam
1408 2415 1722 2518 maxima
1773 2417 2321 2516 reprehendendi
2369 2441 2510 2492 non
2555 2413 2648 2486 so·

578 2532 735 2608 lum
766 2531 1121 2618 voluntas,
1150 2529 1265 2606 sed
1296 2530 1516 2606 etiam
1546 2532 1890 2630 cupiditas
1921 2567 1944 2621 3
1995 2547 2082 2609 ut
2115 2528 2646 2633 reprehensionis

580 2663 654 2722 et
688 2652 1121 2726 occationem
1164 2648 1409 2724 dedita
1455 2673 1671 2747 opera
1717 2648 2124 2748 quaefiviffe,
2169 2669 2242 2726 et
2293 2647 2644 2728 materiam

576 2766 720 2866 ipse
770 2767 895 2844 fibi
946 2766 1243 2844 subinde
1290 2767 1562 2844 finxiss'e
1613 2769 1962 2856 videatur,
2009 2795 2242 2866 quum
2290 2759 2638 2844 Plutarchi

576 2887 793 2960 verba
820 2883 1013 2984 prius
1044 2885 1574 2983 interpretando
1622 2885 1697 2960 in
1744 2885 2042 2960 alienam
2077 2886 2495 2962 sententiam
2529 2882 2638 2953 de·

578 3017 897 3101 torquet,
940 3027 1159 3101 quam
1210 3001 1466 3076 deinde
1513 3027 1602 3076 eo
1649 2999 1917 3076 facilius
1965 3001 2252 3076 refellat.
2360 3001 2472 3074 De
2509 2992 2644 3070 istis

578 3117 937 3194 Plutarchi
974 3115 1570 3216 reprehensoribus
1611 3115 1876 3213 semper
1925 3115 2102 3190 mihi
2153 3115 2424 3214 placuit
2455 3105 2640 3210 quod

576 3233 1041 3310 RUHNKENI
1060 3259 1151 3306 us
1186 3229 1415 3305 noster
1443 3231 1670 3306 dicere
1696 3230 1892 3322 solet,
1931 3233 2070 3305 Odi
2095 3235 2360 3331 censores
2395 3230 2632 3303 nimium
2762 3229 2763 3288 l

578 3344 845 3444 nasusos.
946 3347 1081 3419 Sed
1116 3349 1309 3420 hunc
1338 3347 1582 3420 locum
1631 3371 1779 3421 non
1825 3347 1935 3434 ¹est:
1983 3349 2178 3446 quod
2213 3373 2407 3424 nunc
2436 3340 2634 3420 latius

578 3457 1112 3556 persequamur;
1148 3460 1734 3560 quandoquidem
1769 3461 2062 3538 subinde
2097 3463 2298 3538 nobis
2333 3477 2404 3537 et
2437 3455 2637 3534 attin-

576 3577 851 3672 gendus
900 3590 972 3649 et
1023 3577 1430 3652 tractandus
1479 3577 1610 3654 erit
1664 3578 1740 3654 in
1789 3578 2526 3682 Animadigerfionibus
2571 3581 2632 3640 et

580 3691 1001 3768 Narratione
1034 3693 1123 3766 de
1156 3691 1326 3766 Vita
1358 3709 1432 3767 et
1471 3694 1759 3794 Scriptis
1809 3697 2172 3770 Plutarchi
2205 3727 2222 3771 ε
2279 3717 2452 3794 quas
2481 3684 2634 3762 huic

578 3808 827 3883 nostrae
884 3807 1205 3884 Editioni
1264 3809 1560 3904 adjicere
1614 3812 2136 3902 constituimus,
2195 3815 2414 3890 modo
2465 3805 2627 3880 vires

576 3922 783 3996 nobis
815 3939 887 3998 et
920 3925 1085 4000 vitae
1118 3924 1327 3999 usum
1363 3927 1704 4001 concedat
1739 3929 1962 4003 Deus.

678 4040 1037 4116 Caeterum
1098 4055 1350 4140 praeter
1413 4041 1558 4116 illas
1624 4045 1714 4117 de
1781 4046 2042 4142 quibus
2121 4044 2430 4118 diximus
2501 4047 2626 4106 tres

580 4156 1158 4234 Graeco-Latinas
1193 4163 1776 4237 Plutarcheorum
1827 4187 2122 4260 operum
2161 4153 2618 4236 universorum
