<?xml version="1.0" encoding="UTF-8"?>
<!DOCTYPE html PUBLIC "-//W3C//DTD XHTML 1.0 Transitional//EN"
    "http://www.w3.org/TR/xhtml1/DTD/xhtml1-transitional.dtd">
<html xmlns="http://www.w3.org/1999/xhtml" xml:lang="en" lang="en">
 <head>
  <title>
</title>
<meta http-equiv="Content-Type" content="text/html;charset=utf-8" />
  <meta name='ocr-system' content='tesseract 3.04.00' />
  <meta name='ocr-capabilities' content='ocr_page ocr_carea ocr_par ocr_line ocrx_word'/>
</head>
<body>
  <div class='ocr_page' id='page_1' title='image "./ploutarchoutouc06unkngoog_0034.png"; bbox 0 0 2842 4784; ppageno 0'>
   <div class='ocr_carea' id='block_1_1' title="bbox 588 263 2764 346">
    <p class='ocr_par' dir='ltr' id='par_1_1' title="bbox 588 263 2764 346">
     <span class='ocr_line' id='line_1_1' title="bbox 588 263 2764 346; baseline 0 -2"><span class='ocrx_word' id='word_1_1' title='bbox 588 291 742 344; x_wconf 75' lang='lat' dir='ltr'><strong>xxx</strong></span> <span class='ocrx_word' id='word_1_2' title='bbox 1154 263 2082 346; x_wconf 59' lang='lat' dir='ltr'><strong>PRAEFATIO,</strong></span> <span class='ocrx_word' id='word_1_3' title='bbox 2727 317 2764 344; x_wconf 55' lang='lat'>2</span> 
     </span>
    </p>
   </div>
   <div class='ocr_carea' id='block_1_2' title="bbox 536 447 2763 4247">
    <p class='ocr_par' dir='ltr' id='par_1_2' title="bbox 578 447 2662 2375">
     <span class='ocr_line' id='line_1_2' title="bbox 588 447 2662 556; baseline 0.004 -31"><span class='ocrx_word' id='word_1_4' title='bbox 588 475 771 540; x_wconf 81' lang='lat' dir='ltr'><strong>cam,</strong></span> <span class='ocrx_word' id='word_1_5' title='bbox 808 447 897 528; x_wconf 77' lang='lat' dir='ltr'><strong>ad</strong></span> <span class='ocrx_word' id='word_1_6' title='bbox 916 454 1419 554; x_wconf 80' lang='lat' dir='ltr'>genealogiam,</span> <span class='ocrx_word' id='word_1_7' title='bbox 1453 459 1756 554; x_wconf 84' lang='lat' dir='ltr'><strong>vulgatae</strong></span> <span class='ocrx_word' id='word_1_8' title='bbox 1779 458 2116 545; x_wconf 68' lang='lat' dir='ltr'><strong>lestioniS,</strong></span> <span class='ocrx_word' id='word_1_9' title='bbox 2153 471 2238 532; x_wconf 88' lang='lat' dir='ltr'><strong>ut</strong></span> <span class='ocrx_word' id='word_1_10' title='bbox 2267 467 2662 556; x_wconf 65' lang='lat' dir='ltr'><strong>appareret,</strong></span> 
     </span>
     <span class='ocr_line' id='line_1_3' title="bbox 587 570 2658 670; baseline 0.002 -29"><span class='ocrx_word' id='word_1_11' title='bbox 587 571 955 664; x_wconf 88' lang='lat' dir='ltr'><strong>quomodo</strong></span> <span class='ocrx_word' id='word_1_12' title='bbox 1008 573 1097 644; x_wconf 84' lang='lat' dir='ltr'><strong>ab</strong></span> <span class='ocrx_word' id='word_1_13' title='bbox 1150 570 1419 644; x_wconf 90' lang='lat' dir='ltr'><strong>Aldino</strong></span> <span class='ocrx_word' id='word_1_14' title='bbox 1473 570 1668 645; x_wconf 88' lang='lat' dir='ltr'><strong>fonte</strong></span> <span class='ocrx_word' id='word_1_15' title='bbox 1711 573 1933 646; x_wconf 67' lang='lat' dir='ltr'><strong>ducta</strong></span> <span class='ocrx_word' id='word_1_16' title='bbox 1985 571 2321 670; x_wconf 87' lang='lat' dir='ltr'><strong>scriptura</strong></span> <span class='ocrx_word' id='word_1_17' title='bbox 2373 599 2498 670; x_wconf 89' lang='lat' dir='ltr'><strong>per</strong></span> <span class='ocrx_word' id='word_1_18' title='bbox 2553 575 2658 648; x_wconf 72' lang='lat' dir='ltr'><strong>se⁴</strong></span> 
     </span>
     <span class='ocr_line' id='line_1_4' title="bbox 586 684 2658 780; baseline 0.003 -24"><span class='ocrx_word' id='word_1_19' title='bbox 586 699 885 780; x_wconf 88' lang='lat' dir='ltr'><strong>quentes</strong></span> <span class='ocrx_word' id='word_1_20' title='bbox 916 684 1307 771; x_wconf 76' lang='lat' dir='ltr'><strong>EditioneS,</strong></span> <span class='ocrx_word' id='word_1_21' title='bbox 1344 689 1456 758; x_wconf 82' lang='lat' dir='ltr'><strong>vel</strong></span> <span class='ocrx_word' id='word_1_22' title='bbox 1489 685 1870 760; x_wconf 85' lang='lat' dir='ltr'><strong>immutata</strong></span> <span class='ocrx_word' id='word_1_23' title='bbox 1899 688 2012 760; x_wconf 85' lang='lat' dir='ltr'><strong>vel</strong></span> <span class='ocrx_word' id='word_1_24' title='bbox 2047 687 2333 774; x_wconf 82' lang='lat' dir='ltr'><strong>servata,</strong></span> <span class='ocrx_word' id='word_1_25' title='bbox 2373 689 2462 762; x_wconf 74' lang='lat' dir='ltr'><strong>ad</strong></span> <span class='ocrx_word' id='word_1_26' title='bbox 2493 688 2658 762; x_wconf 77' lang='lat' dir='ltr'><strong>nos·-</strong></span> 
     </span>
     <span class='ocr_line' id='line_1_5' title="bbox 588 779 2659 900; baseline 0.001 -26"><span class='ocrx_word' id='word_1_27' title='bbox 588 814 767 874; x_wconf 85' lang='lat' dir='ltr'><strong>tram</strong></span> <span class='ocrx_word' id='word_1_28' title='bbox 806 779 1085 874; x_wconf 79' lang='lat' dir='ltr'><strong>aetatem</strong></span> <span class='ocrx_word' id='word_1_29' title='bbox 1118 815 1504 898; x_wconf 80' lang='lat' dir='ltr'><strong>propagata</strong></span> <span class='ocrx_word' id='word_1_30' title='bbox 1551 800 1805 874; x_wconf 79' lang='lat' dir='ltr'><strong>fuifl&#39;et.</strong></span> <span class='ocrx_word' id='word_1_31' title='bbox 1911 804 2172 899; x_wconf 88' lang='lat' dir='ltr'><strong>Neque</strong></span> <span class='ocrx_word' id='word_1_32' title='bbox 2205 825 2374 877; x_wconf 78' lang='lat' dir='ltr'><strong>vero</strong></span> <span class='ocrx_word' id='word_1_33' title='bbox 2403 802 2659 900; x_wconf 72' lang='lat' dir='ltr'><strong>acqui-¹</strong></span> 
     </span>
     <span class='ocr_line' id='line_1_6' title="bbox 582 914 2654 1012; baseline 0.002 -26"><span class='ocrx_word' id='word_1_34' title='bbox 582 914 803 988; x_wconf 83' lang='lat' dir='ltr'><strong>escere</strong></span> <span class='ocrx_word' id='word_1_35' title='bbox 853 932 1172 1012; x_wconf 86' lang='lat' dir='ltr'><strong>poteram</strong></span> <span class='ocrx_word' id='word_1_36' title='bbox 1225 915 1299 990; x_wconf 90' lang='lat' dir='ltr'><strong>in</strong></span> <span class='ocrx_word' id='word_1_37' title='bbox 1352 943 1438 990; x_wconf 93' lang='lat' dir='ltr'><strong>eo</strong></span> <span class='ocrx_word' id='word_1_38' title='bbox 1493 916 1864 990; x_wconf 80' lang='lat' dir='ltr'><strong>variarum</strong></span> <span class='ocrx_word' id='word_1_39' title='bbox 1925 917 2352 992; x_wconf 64' lang='lat' dir='ltr'><strong>Lectionum</strong></span> <span class='ocrx_word' id='word_1_40' title='bbox 2407 918 2654 994; x_wconf 84' lang='lat' dir='ltr'><strong>Indice</strong></span> 
     </span>
     <span class='ocr_line' id='line_1_7' title="bbox 586 1031 2654 1128; baseline 0.001 -24"><span class='ocrx_word' id='word_1_41' title='bbox 586 1031 711 1128; x_wconf 88' lang='lat' dir='ltr'><strong>qui</strong></span> <span class='ocrx_word' id='word_1_42' title='bbox 746 1032 834 1104; x_wconf 86' lang='lat' dir='ltr'><strong>ad</strong></span> <span class='ocrx_word' id='word_1_43' title='bbox 862 1035 1125 1106; x_wconf 84' lang='lat' dir='ltr'><strong>calcem</strong></span> <span class='ocrx_word' id='word_1_44' title='bbox 1152 1031 1858 1106; x_wconf 83' lang='lat' dir='ltr'><strong>Graeco-Latinarum</strong></span> <span class='ocrx_word' id='word_1_45' title='bbox 1886 1031 2310 1107; x_wconf 86' lang='lat' dir='ltr'><strong>Editionum</strong></span> <span class='ocrx_word' id='word_1_46' title='bbox 2337 1031 2654 1128; x_wconf 68' lang='lat' dir='ltr'><strong>adjectus</strong></span> 
     </span>
     <span class='ocr_line' id='line_1_8' title="bbox 586 1145 2652 1246; baseline 0.001 -29"><span class='ocrx_word' id='word_1_47' title='bbox 586 1145 737 1232; x_wconf 87' lang='lat' dir='ltr'><strong>est3</strong></span> <span class='ocrx_word' id='word_1_48' title='bbox 790 1147 1055 1244; x_wconf 85' lang='lat' dir='ltr'><strong>quippe</strong></span> <span class='ocrx_word' id='word_1_49' title='bbox 1104 1173 1319 1245; x_wconf 89' lang='lat' dir='ltr'><strong>quern</strong></span> <span class='ocrx_word' id='word_1_50' title='bbox 1361 1147 1560 1220; x_wconf 83' lang='lat' dir='ltr'><strong>valde</strong></span> <span class='ocrx_word' id='word_1_51' title='bbox 1613 1147 2043 1246; x_wconf 87' lang='lat' dir='ltr'><strong>negligenter</strong></span> <span class='ocrx_word' id='word_1_52' title='bbox 2076 1147 2480 1222; x_wconf 65' lang='lat' dir='ltr'><strong>confectum</strong></span> <span class='ocrx_word' id='word_1_53' title='bbox 2515 1149 2652 1220; x_wconf 84' lang='lat' dir='ltr'><strong>effe</strong></span> 
     </span>
     <span class='ocr_line' id='line_1_9' title="bbox 582 1259 2648 1358; baseline 0 -24"><span class='ocrx_word' id='word_1_54' title='bbox 582 1259 847 1348; x_wconf 85' lang='lat' dir='ltr'><strong>scirem,</strong></span> <span class='ocrx_word' id='word_1_55' title='bbox 909 1265 1229 1336; x_wconf 88' lang='lat' dir='ltr'><strong>locorum</strong></span> <span class='ocrx_word' id='word_1_56' title='bbox 1284 1262 1753 1358; x_wconf 88' lang='lat' dir='ltr'><strong>plurimorum</strong></span> <span class='ocrx_word' id='word_1_57' title='bbox 1811 1285 1980 1336; x_wconf 89' lang='lat' dir='ltr'><strong>cum</strong></span> <span class='ocrx_word' id='word_1_58' title='bbox 2035 1260 2420 1348; x_wconf 86' lang='lat' dir='ltr'><strong>omiffione,</strong></span> <span class='ocrx_word' id='word_1_59' title='bbox 2483 1275 2648 1336; x_wconf 81' lang='lat' dir='ltr'><strong>tum</strong></span> 
     </span>
     <span class='ocr_line' id='line_1_10' title="bbox 583 1377 2652 1475; baseline 0 -25"><span class='ocrx_word' id='word_1_60' title='bbox 583 1377 912 1452; x_wconf 84' lang='lat' dir='ltr'><strong>mendosa</strong></span> <span class='ocrx_word' id='word_1_61' title='bbox 942 1377 1429 1474; x_wconf 83' lang='lat' dir='ltr'><strong>descriptione.</strong></span> <span class='ocrx_word' id='word_1_62' title='bbox 1532 1381 1792 1475; x_wconf 89' lang='lat' dir='ltr'><strong>Neque</strong></span> <span class='ocrx_word' id='word_1_63' title='bbox 1842 1391 2222 1451; x_wconf 87' lang='lat' dir='ltr'><strong>contentus</strong></span> <span class='ocrx_word' id='word_1_64' title='bbox 2271 1401 2462 1451; x_wconf 82' lang='lat' dir='ltr'><strong>eram</strong></span> <span class='ocrx_word' id='word_1_65' title='bbox 2509 1378 2652 1474; x_wconf 89' lang='lat' dir='ltr'><strong>pri-</strong></span> 
     </span>
     <span class='ocr_line' id='line_1_11' title="bbox 582 1485 2652 1591; baseline 0.001 -26"><span class='ocrx_word' id='word_1_66' title='bbox 582 1519 735 1567; x_wconf 85' lang='lat' dir='ltr'><strong>ores</strong></span> <span class='ocrx_word' id='word_1_67' title='bbox 790 1492 1153 1567; x_wconf 87' lang='lat' dir='ltr'><strong>Editiones</strong></span> <span class='ocrx_word' id='word_1_68' title='bbox 1209 1493 1297 1566; x_wconf 87' lang='lat' dir='ltr'><strong>ad</strong></span> <span class='ocrx_word' id='word_1_69' title='bbox 1364 1519 1658 1566; x_wconf 86' lang='lat' dir='ltr'><strong>manum</strong></span> <span class='ocrx_word' id='word_1_70' title='bbox 1723 1494 1974 1565; x_wconf 89' lang='lat' dir='ltr'><strong>habere</strong></span> <span class='ocrx_word' id='word_1_71' title='bbox 2041 1507 2113 1566; x_wconf 88' lang='lat' dir='ltr'><strong>et</strong></span> <span class='ocrx_word' id='word_1_72' title='bbox 2168 1490 2492 1591; x_wconf 87' lang='lat' dir='ltr'><strong>inspicere</strong></span> <span class='ocrx_word' id='word_1_73' title='bbox 2553 1485 2652 1567; x_wconf 79' lang='lat' dir='ltr'><strong>acl</strong></span> 
     </span>
     <span class='ocr_line' id='line_1_12' title="bbox 582 1609 2650 1708; baseline 0 -28"><span class='ocrx_word' id='word_1_74' title='bbox 582 1634 943 1708; x_wconf 86' lang='lat' dir='ltr'><strong>quemque</strong></span> <span class='ocrx_word' id='word_1_75' title='bbox 990 1634 1209 1706; x_wconf 87' lang='lat' dir='ltr'><strong>quem</strong></span> <span class='ocrx_word' id='word_1_76' title='bbox 1253 1611 1620 1682; x_wconf 59' lang='lat' dir='ltr'><strong>&amp;aestatem</strong></span> <span class='ocrx_word' id='word_1_77' title='bbox 1665 1610 1958 1695; x_wconf 83' lang='lat' dir='ltr'><strong>locum3</strong></span> <span class='ocrx_word' id='word_1_78' title='bbox 2011 1609 2232 1704; x_wconf 91' lang='lat' dir='ltr'><strong>quod,</strong></span> <span class='ocrx_word' id='word_1_79' title='bbox 2283 1622 2367 1682; x_wconf 90' lang='lat' dir='ltr'><strong>ut</strong></span> <span class='ocrx_word' id='word_1_80' title='bbox 2415 1623 2650 1695; x_wconf 85' lang='lat' dir='ltr'><strong>antea,</strong></span> 
     </span>
     <span class='ocr_line' id='line_1_13' title="bbox 584 1715 2646 1821; baseline -0.001 -25"><span class='ocrx_word' id='word_1_81' title='bbox 584 1723 685 1796; x_wconf 82' lang='lat' dir='ltr'><strong>ita</strong></span> <span class='ocrx_word' id='word_1_82' title='bbox 733 1723 969 1821; x_wconf 84' lang='lat' dir='ltr'><strong>postea</strong></span> <span class='ocrx_word' id='word_1_83' title='bbox 1018 1723 1284 1819; x_wconf 87' lang='lat' dir='ltr'><strong>semper</strong></span> <span class='ocrx_word' id='word_1_84' title='bbox 1340 1715 1497 1796; x_wconf 88' lang='lat' dir='ltr'><strong>feci.</strong></span> <span class='ocrx_word' id='word_1_85' title='bbox 1603 1721 1832 1818; x_wconf 86' lang='lat' dir='ltr'><strong>Ipsam</strong></span> <span class='ocrx_word' id='word_1_86' title='bbox 1890 1721 2106 1820; x_wconf 84' lang='lat' dir='ltr'><strong>igitur</strong></span> <span class='ocrx_word' id='word_1_87' title='bbox 2159 1723 2252 1796; x_wconf 86' lang='lat' dir='ltr'><strong>ab</strong></span> <span class='ocrx_word' id='word_1_88' title='bbox 2306 1719 2508 1796; x_wconf 82' lang='lat' dir='ltr'><strong>initio</strong></span> <span class='ocrx_word' id='word_1_89' title='bbox 2551 1723 2646 1795; x_wconf 91' lang='lat' dir='ltr'><strong>ad</strong></span> 
     </span>
     <span class='ocr_line' id='line_1_14' title="bbox 584 1831 2648 1913; baseline -0 0"><span class='ocrx_word' id='word_1_90' title='bbox 584 1841 802 1913; x_wconf 86' lang='lat' dir='ltr'><strong>finem</strong></span> <span class='ocrx_word' id='word_1_91' title='bbox 834 1831 1167 1912; x_wconf 83' lang='lat' dir='ltr'><strong>Aldinam</strong></span> <span class='ocrx_word' id='word_1_92' title='bbox 1203 1864 1372 1911; x_wconf 88' lang='lat' dir='ltr'><strong>cum</strong></span> <span class='ocrx_word' id='word_1_93' title='bbox 1406 1840 2010 1911; x_wconf 74' lang='lat' dir='ltr'>STEPHANIANA</span> <span class='ocrx_word' id='word_1_94' title='bbox 2043 1837 2314 1912; x_wconf 84' lang='lat' dir='ltr'><strong>contuli</strong></span> <span class='ocrx_word' id='word_1_95' title='bbox 2347 1851 2416 1912; x_wconf 88' lang='lat' dir='ltr'><strong>et</strong></span> <span class='ocrx_word' id='word_1_96' title='bbox 2449 1863 2648 1912; x_wconf 82' lang='lat' dir='ltr'><strong>com·</strong></span> 
     </span>
     <span class='ocr_line' id='line_1_15' title="bbox 581 1951 2646 2052; baseline -0 -26"><span class='ocrx_word' id='word_1_97' title='bbox 581 1954 841 2052; x_wconf 82' lang='lat' dir='ltr'><strong>paravi,</strong></span> <span class='ocrx_word' id='word_1_98' title='bbox 902 1953 1219 2027; x_wconf 85' lang='lat' dir='ltr'><strong>adhibita</strong></span> <span class='ocrx_word' id='word_1_99' title='bbox 1278 1951 1448 2024; x_wconf 89' lang='lat' dir='ltr'><strong>item</strong></span> <span class='ocrx_word' id='word_1_100' title='bbox 1503 1954 1849 2028; x_wconf 83' lang='lat' dir='ltr'><strong>Bafileenfi</strong></span> <span class='ocrx_word' id='word_1_101' title='bbox 1904 1969 2230 2050; x_wconf 86' lang='lat' dir='ltr'><strong>utraque,</strong></span> <span class='ocrx_word' id='word_1_102' title='bbox 2285 1977 2373 2026; x_wconf 83' lang='lat' dir='ltr'><strong>ex</strong></span> <span class='ocrx_word' id='word_1_103' title='bbox 2430 1951 2646 2050; x_wconf 84' lang='lat' dir='ltr'><strong>iisque</strong></span> 
     </span>
     <span class='ocr_line' id='line_1_16' title="bbox 582 2062 2642 2156; baseline 0.001 -17"><span class='ocrx_word' id='word_1_104' title='bbox 582 2095 871 2142; x_wconf 88' lang='lat' dir='ltr'><strong>omnem</strong></span> <span class='ocrx_word' id='word_1_105' title='bbox 906 2067 1219 2142; x_wconf 69' lang='lat' dir='ltr'><strong>lectionis</strong></span> <span class='ocrx_word' id='word_1_106' title='bbox 1250 2062 1662 2140; x_wconf 78' lang='lat' dir='ltr'><strong>varietatem</strong></span> <span class='ocrx_word' id='word_1_107' title='bbox 1695 2067 1996 2141; x_wconf 85' lang='lat' dir='ltr'><strong>enotavi.</strong></span> <span class='ocrx_word' id='word_1_108' title='bbox 2067 2067 2236 2142; x_wconf 87' lang='lat' dir='ltr'><strong>Fuit</strong></span> <span class='ocrx_word' id='word_1_109' title='bbox 2271 2065 2384 2140; x_wconf 90' lang='lat' dir='ltr'><strong>hic</strong></span> <span class='ocrx_word' id='word_1_110' title='bbox 2418 2070 2642 2156; x_wconf 85' lang='lat' dir='ltr'><strong>labor,</strong></span> 
     </span>
     <span class='ocr_line' id='line_1_17' title="bbox 578 2181 2636 2280; baseline 0.001 -24"><span class='ocrx_word' id='word_1_111' title='bbox 578 2182 967 2257; x_wconf 87' lang='lat' dir='ltr'><strong>subsecivus</strong></span> <span class='ocrx_word' id='word_1_112' title='bbox 1023 2183 1341 2280; x_wconf 90' lang='lat' dir='ltr'><strong>quidem,</strong></span> <span class='ocrx_word' id='word_1_113' title='bbox 1404 2181 1520 2255; x_wconf 86' lang='lat' dir='ltr'><strong>sed</strong></span> <span class='ocrx_word' id='word_1_114' title='bbox 1580 2197 1818 2256; x_wconf 87' lang='lat' dir='ltr'><strong>tamen</strong></span> <span class='ocrx_word' id='word_1_115' title='bbox 1877 2185 2076 2258; x_wconf 87' lang='lat' dir='ltr'><strong>labor</strong></span> <span class='ocrx_word' id='word_1_116' title='bbox 2131 2185 2442 2258; x_wconf 90' lang='lat' dir='ltr'><strong>duorum</strong></span> <span class='ocrx_word' id='word_1_117' title='bbox 2495 2184 2636 2258; x_wconf 82' lang='lat' dir='ltr'><strong>fere</strong></span> 
     </span>
     <span class='ocr_line' id='line_1_18' title="bbox 580 2323 953 2375; baseline 0.008 -4"><span class='ocrx_word' id='word_1_118' title='bbox 580 2323 953 2375; x_wconf 85' lang='lat' dir='ltr'><strong>annorum.</strong></span> 
     </span>
    </p>

    <p class='ocr_par' dir='ltr' id='par_1_3' title="bbox 536 2413 2763 4247">
     <span class='ocr_line' id='line_1_19' title="bbox 678 2413 2638 2514; baseline 0.001 -25"><span class='ocrx_word' id='word_1_119' title='bbox 678 2415 804 2489; x_wconf 87' lang='lat' dir='ltr'><strong>Nil</strong></span> <span class='ocrx_word' id='word_1_120' title='bbox 872 2413 1115 2489; x_wconf 83' lang='lat' dir='ltr'><strong>dicam&#39;</strong></span> <span class='ocrx_word' id='word_1_121' title='bbox 1163 2416 1250 2488; x_wconf 90' lang='lat' dir='ltr'><strong>de</strong></span> <span class='ocrx_word' id='word_1_122' title='bbox 1322 2413 1635 2489; x_wconf 83' lang='lat' dir='ltr'><strong>molestia</strong></span> <span class='ocrx_word' id='word_1_123' title='bbox 1693 2413 1883 2488; x_wconf 87' lang='lat' dir='ltr'><strong>istius</strong></span> <span class='ocrx_word' id='word_1_124' title='bbox 1943 2413 2232 2514; x_wconf 86' lang='lat' dir='ltr'><strong>negotii,</strong></span> <span class='ocrx_word' id='word_1_125' title='bbox 2299 2415 2638 2492; x_wconf 83' lang='lat' dir='ltr'><strong>librorum</strong></span> 
     </span>
     <span class='ocr_line' id='line_1_20' title="bbox 579 2528 2643 2628; baseline 0 -26"><span class='ocrx_word' id='word_1_126' title='bbox 579 2528 993 2625; x_wconf 87' lang='lat' dir='ltr'><strong>scriptorum</strong></span> <span class='ocrx_word' id='word_1_127' title='bbox 1049 2544 1118 2602; x_wconf 87' lang='lat' dir='ltr'><strong>et</strong></span> <span class='ocrx_word' id='word_1_128' title='bbox 1174 2529 1530 2612; x_wconf 80' lang='lat' dir='ltr'><strong>editorum</strong></span> <span class='ocrx_word' id='word_1_129' title='bbox 1587 2531 2212 2626; x_wconf 86' lang='lat' dir='ltr'><strong>excerpendorum,</strong></span> <span class='ocrx_word' id='word_1_130' title='bbox 2281 2546 2643 2628; x_wconf 82' lang='lat' dir='ltr'><strong>excerpta-</strong></span> 
     </span>
     <span class='ocr_line' id='line_1_21' title="bbox 578 2641 2642 2732; baseline 0.001 -14"><span class='ocrx_word' id='word_1_131' title='bbox 578 2669 740 2728; x_wconf 82' lang='lat' dir='ltr'><strong>rum</strong></span> <span class='ocrx_word' id='word_1_132' title='bbox 772 2644 1157 2718; x_wconf 64' lang='lat' dir='ltr'><strong>leelionum</strong></span> <span class='ocrx_word' id='word_1_133' title='bbox 1190 2645 1279 2717; x_wconf 88' lang='lat' dir='ltr'><strong>ad</strong></span> <span class='ocrx_word' id='word_1_134' title='bbox 1316 2641 1474 2717; x_wconf 88' lang='lat' dir='ltr'><strong>suos</strong></span> <span class='ocrx_word' id='word_1_135' title='bbox 1507 2646 1696 2717; x_wconf 90' lang='lat' dir='ltr'><strong>locos</strong></span> <span class='ocrx_word' id='word_1_136' title='bbox 1729 2643 2350 2732; x_wconf 84' lang='lat' dir='ltr'><strong>conferendarum3</strong></span> <span class='ocrx_word' id='word_1_137' title='bbox 2403 2661 2487 2721; x_wconf 88' lang='lat' dir='ltr'><strong>ut</strong></span> <span class='ocrx_word' id='word_1_138' title='bbox 2520 2644 2642 2720; x_wconf 70' lang='lat' dir='ltr'><strong>sae·</strong></span> 
     </span>
     <span class='ocr_line' id='line_1_22' title="bbox 576 2758 2644 2857; baseline 0.001 -25"><span class='ocrx_word' id='word_1_139' title='bbox 576 2787 666 2857; x_wconf 91' lang='lat' dir='ltr'><strong>pe</strong></span> <span class='ocrx_word' id='word_1_140' title='bbox 712 2785 835 2857; x_wconf 90' lang='lat' dir='ltr'><strong>per</strong></span> <span class='ocrx_word' id='word_1_141' title='bbox 878 2761 1272 2856; x_wconf 87' lang='lat' dir='ltr'><strong>complures</strong></span> <span class='ocrx_word' id='word_1_142' title='bbox 1314 2761 1516 2832; x_wconf 84' lang='lat' dir='ltr'><strong>horas</strong></span> <span class='ocrx_word' id='word_1_143' title='bbox 1569 2758 1935 2846; x_wconf 74' lang='lat' dir='ltr'><strong>desudanS,</strong></span> <span class='ocrx_word' id='word_1_144' title='bbox 1981 2759 2103 2832; x_wconf 82' lang='lat' dir='ltr'><strong>vix</strong></span> <span class='ocrx_word' id='word_1_145' title='bbox 2149 2783 2366 2834; x_wconf 86' lang='lat' dir='ltr'><strong>unam</strong></span> <span class='ocrx_word' id='word_1_146' title='bbox 2401 2761 2644 2834; x_wconf 64' lang='lat' dir='ltr'><strong>lectio-</strong></span> 
     </span>
     <span class='ocr_line' id='line_1_23' title="bbox 576 2873 2646 2974; baseline 0.001 -26"><span class='ocrx_word' id='word_1_147' title='bbox 576 2901 741 2949; x_wconf 89' lang='lat' dir='ltr'><strong>nem</strong></span> <span class='ocrx_word' id='word_1_148' title='bbox 800 2891 1198 2949; x_wconf 82' lang='lat' dir='ltr'><strong>memoratu</strong></span> <span class='ocrx_word' id='word_1_149' title='bbox 1255 2873 1571 2972; x_wconf 82' lang='lat' dir='ltr'><strong>dignam,</strong></span> <span class='ocrx_word' id='word_1_150' title='bbox 1629 2876 1894 2948; x_wconf 88' lang='lat' dir='ltr'><strong>nedum</strong></span> <span class='ocrx_word' id='word_1_151' title='bbox 1947 2874 2308 2950; x_wconf 88' lang='lat' dir='ltr'><strong>meliorem</strong></span> <span class='ocrx_word' id='word_1_152' title='bbox 2357 2878 2646 2974; x_wconf 65' lang='lat' dir='ltr'><strong>vulgata</strong></span> 
     </span>
     <span class='ocr_line' id='line_1_24' title="bbox 575 2987 2642 3086; baseline 0 -24"><span class='ocrx_word' id='word_1_153' title='bbox 575 2993 825 3064; x_wconf 62' lang='lat' dir='ltr'><strong>nactus</strong></span> <span class='ocrx_word' id='word_1_154' title='bbox 856 2989 1129 3064; x_wconf 89' lang='lat' dir='ltr'><strong>fuerim.</strong></span> <span class='ocrx_word' id='word_1_155' title='bbox 1234 2991 1494 3086; x_wconf 88' lang='lat' dir='ltr'><strong>Neque</strong></span> <span class='ocrx_word' id='word_1_156' title='bbox 1527 2989 1716 3063; x_wconf 90' lang='lat' dir='ltr'><strong>enim</strong></span> <span class='ocrx_word' id='word_1_157' title='bbox 1751 2992 1901 3064; x_wconf 87' lang='lat' dir='ltr'><strong>haec</strong></span> <span class='ocrx_word' id='word_1_158' title='bbox 1947 2989 2175 3064; x_wconf 80' lang='lat' dir='ltr'><strong>studia</strong></span> <span class='ocrx_word' id='word_1_159' title='bbox 2223 2987 2421 3066; x_wconf 88' lang='lat' dir='ltr'><strong>aliter</strong></span> <span class='ocrx_word' id='word_1_160' title='bbox 2468 3017 2642 3066; x_wconf 90' lang='lat' dir='ltr'><strong>con-</strong></span> 
     </span>
     <span class='ocr_line' id='line_1_25' title="bbox 574 3099 2642 3204; baseline 0.002 -27"><span class='ocrx_word' id='word_1_161' title='bbox 574 3105 755 3179; x_wconf 87' lang='lat' dir='ltr'><strong>stant</strong></span> <span class='ocrx_word' id='word_1_162' title='bbox 794 3135 810 3178; x_wconf 74' lang='grc' dir='ltr'>ε</span> <span class='ocrx_word' id='word_1_163' title='bbox 869 3120 941 3178; x_wconf 89' lang='lat' dir='ltr'><strong>et</strong></span> <span class='ocrx_word' id='word_1_164' title='bbox 995 3105 1286 3178; x_wconf 88' lang='lat' dir='ltr'><strong>subinde</strong></span> <span class='ocrx_word' id='word_1_165' title='bbox 1338 3130 1484 3176; x_wconf 86' lang='lat' dir='ltr'><strong>una</strong></span> <span class='ocrx_word' id='word_1_166' title='bbox 1540 3106 1826 3178; x_wconf 86' lang='lat' dir='ltr'><strong>tandem</strong></span> <span class='ocrx_word' id='word_1_167' title='bbox 1875 3104 2160 3179; x_wconf 85' lang='lat' dir='ltr'><strong>inventa</strong></span> <span class='ocrx_word' id='word_1_168' title='bbox 2207 3099 2443 3193; x_wconf 49' lang='lat' dir='ltr'><strong>lectio,</strong></span> <span class='ocrx_word' id='word_1_169' title='bbox 2493 3129 2642 3204; x_wconf 81' lang='lat' dir='ltr'><strong>qua</strong></span> 
     </span>
     <span class='ocr_line' id='line_1_26' title="bbox 570 3220 2644 3318; baseline 0.001 -23"><span class='ocrx_word' id='word_1_170' title='bbox 570 3223 770 3296; x_wconf 90' lang='lat' dir='ltr'><strong>locus</strong></span> <span class='ocrx_word' id='word_1_171' title='bbox 804 3223 1090 3296; x_wconf 63' lang='lat' dir='ltr'><strong>affectus</strong></span> <span class='ocrx_word' id='word_1_172' title='bbox 1124 3221 1494 3308; x_wconf 87' lang='lat' dir='ltr'><strong>sanaretur,</strong></span> <span class='ocrx_word' id='word_1_173' title='bbox 1532 3247 1744 3295; x_wconf 86' lang='lat' dir='ltr'><strong>omne</strong></span> <span class='ocrx_word' id='word_1_174' title='bbox 1773 3220 2016 3318; x_wconf 86' lang='lat' dir='ltr'><strong>prioris</strong></span> <span class='ocrx_word' id='word_1_175' title='bbox 2053 3222 2350 3298; x_wconf 84' lang='lat' dir='ltr'><strong>taedium</strong></span> <span class='ocrx_word' id='word_1_176' title='bbox 2387 3224 2644 3298; x_wconf 83' lang='lat' dir='ltr'><strong>laboris</strong></span> 
     </span>
     <span class='ocr_line' id='line_1_27' title="bbox 571 3335 2636 3436; baseline 0.002 -27"><span class='ocrx_word' id='word_1_177' title='bbox 571 3335 1004 3434; x_wconf 84' lang='lat' dir='ltr'><strong>abstergebat</strong></span> <span class='ocrx_word' id='word_1_178' title='bbox 1056 3352 1125 3409; x_wconf 90' lang='lat' dir='ltr'><strong>et</strong></span> <span class='ocrx_word' id='word_1_179' title='bbox 1172 3335 1660 3410; x_wconf 84' lang='lat' dir='ltr'><strong>humaniffima</strong></span> <span class='ocrx_word' id='word_1_180' title='bbox 1696 3338 2063 3434; x_wconf 88' lang='lat' dir='ltr'><strong>voluptate</strong></span> <span class='ocrx_word' id='word_1_181' title='bbox 2113 3338 2636 3436; x_wconf 86' lang='lat' dir='ltr'><strong>compensabat.</strong></span> 
     </span>
     <span class='ocr_line' id='line_1_28' title="bbox 572 3451 2642 3550; baseline 0.001 -23"><span class='ocrx_word' id='word_1_182' title='bbox 572 3453 709 3528; x_wconf 90' lang='lat' dir='ltr'><strong>Sed</strong></span> <span class='ocrx_word' id='word_1_183' title='bbox 742 3455 1097 3526; x_wconf 86' lang='lat' dir='ltr'><strong>exantlata</strong></span> <span class='ocrx_word' id='word_1_184' title='bbox 1132 3451 1255 3525; x_wconf 86' lang='lat' dir='ltr'><strong>ista</strong></span> <span class='ocrx_word' id='word_1_185' title='bbox 1288 3477 1522 3548; x_wconf 83' lang='lat' dir='ltr'><strong>opera,</strong></span> <span class='ocrx_word' id='word_1_186' title='bbox 1561 3451 1738 3550; x_wconf 89' lang='lat' dir='ltr'><strong>quid</strong></span> <span class='ocrx_word' id='word_1_187' title='bbox 1761 3451 2234 3550; x_wconf 87' lang='lat' dir='ltr'><strong>profeceram?</strong></span> <span class='ocrx_word' id='word_1_188' title='bbox 2272 3453 2642 3530; x_wconf 89' lang='lat' dir='ltr'><strong>Nimirum</strong></span> 
     </span>
     <span class='ocr_line' id='line_1_29' title="bbox 570 3565 2641 3653; baseline 0 -11"><span class='ocrx_word' id='word_1_189' title='bbox 570 3585 723 3642; x_wconf 84' lang='lat' dir='ltr'><strong>tarn</strong></span> <span class='ocrx_word' id='word_1_190' title='bbox 777 3566 1213 3653; x_wconf 87' lang='lat' dir='ltr'><strong>immensam,</strong></span> <span class='ocrx_word' id='word_1_191' title='bbox 1260 3583 1409 3640; x_wconf 84' lang='lat' dir='ltr'><strong>tam</strong></span> <span class='ocrx_word' id='word_1_192' title='bbox 1471 3565 2054 3642; x_wconf 85' lang='lat' dir='ltr'><strong>innumerabilem</strong></span> <span class='ocrx_word' id='word_1_193' title='bbox 2102 3568 2448 3643; x_wconf 82' lang='lat' dir='ltr'><strong>variarum</strong></span> <span class='ocrx_word' id='word_1_194' title='bbox 2497 3571 2641 3643; x_wconf 84' lang='lat' dir='ltr'><strong>lec-</strong></span> 
     </span>
     <span class='ocr_line' id='line_1_30' title="bbox 568 3681 2640 3781; baseline 0 -25"><span class='ocrx_word' id='word_1_195' title='bbox 568 3683 854 3757; x_wconf 84' lang='lat' dir='ltr'><strong>tionum</strong></span> <span class='ocrx_word' id='word_1_196' title='bbox 890 3682 1185 3780; x_wconf 85' lang='lat' dir='ltr'><strong>segetem</strong></span> <span class='ocrx_word' id='word_1_197' title='bbox 1222 3683 1713 3780; x_wconf 78' lang='lat' dir='ltr'><strong>congesseram,</strong></span> <span class='ocrx_word' id='word_1_198' title='bbox 1755 3681 1955 3776; x_wconf 88' lang='lat' dir='ltr'><strong>cujus</strong></span> <span class='ocrx_word' id='word_1_199' title='bbox 1989 3685 2180 3757; x_wconf 90' lang='lat' dir='ltr'><strong>mole</strong></span> <span class='ocrx_word' id='word_1_200' title='bbox 2213 3682 2350 3781; x_wconf 91' lang='lat' dir='ltr'><strong>ipse</strong></span> <span class='ocrx_word' id='word_1_201' title='bbox 2381 3685 2640 3758; x_wconf 82' lang='lat' dir='ltr'><strong>obrue·</strong></span> 
     </span>
     <span class='ocr_line' id='line_1_31' title="bbox 570 3795 2646 3896; baseline 0.001 -24"><span class='ocrx_word' id='word_1_202' title='bbox 570 3825 699 3886; x_wconf 89' lang='lat' dir='ltr'><strong>rer,</strong></span> <span class='ocrx_word' id='word_1_203' title='bbox 754 3797 869 3872; x_wconf 89' lang='lat' dir='ltr'><strong>cui</strong></span> <span class='ocrx_word' id='word_1_204' title='bbox 918 3796 1311 3896; x_wconf 64' lang='lat' dir='ltr'><strong>digerendae</strong></span> <span class='ocrx_word' id='word_1_205' title='bbox 1347 3797 1468 3870; x_wconf 84' lang='lat' dir='ltr'><strong>vix</strong></span> <span class='ocrx_word' id='word_1_206' title='bbox 1518 3811 1758 3870; x_wconf 88' lang='lat' dir='ltr'><strong>totum</strong></span> <span class='ocrx_word' id='word_1_207' title='bbox 1792 3796 1957 3871; x_wconf 87' lang='lat' dir='ltr'><strong>vitae</strong></span> <span class='ocrx_word' id='word_1_208' title='bbox 1993 3795 2300 3894; x_wconf 85' lang='lat' dir='ltr'><strong>spatium</strong></span> <span class='ocrx_word' id='word_1_209' title='bbox 2333 3797 2646 3874; x_wconf 80' lang='lat' dir='ltr'><strong>sufficere</strong></span> 
     </span>
     <span class='ocr_line' id='line_1_32' title="bbox 568 3909 2638 4011; baseline -0.001 -23"><span class='ocrx_word' id='word_1_210' title='bbox 568 3915 945 3998; x_wconf 46' lang='lat' dir='ltr'><strong>videretur,</strong></span> <span class='ocrx_word' id='word_1_211' title='bbox 1052 3910 1342 3986; x_wconf 87' lang='lat' dir='ltr'><strong>Substiti</strong></span> <span class='ocrx_word' id='word_1_212' title='bbox 1392 3909 1728 3984; x_wconf 83' lang='lat' dir='ltr'><strong>dubitans</strong></span> <span class='ocrx_word' id='word_1_213' title='bbox 1785 3910 1964 4008; x_wconf 89' lang='lat' dir='ltr'><strong>quid</strong></span> <span class='ocrx_word' id='word_1_214' title='bbox 2025 3937 2329 4011; x_wconf 89' lang='lat' dir='ltr'><strong>agerem,</strong></span> <span class='ocrx_word' id='word_1_215' title='bbox 2387 3938 2638 4011; x_wconf 86' lang='lat' dir='ltr'><strong>perge·</strong></span> 
     </span>
     <span class='ocr_line' id='line_1_33' title="bbox 536 4013 2638 4126; baseline 0 -24"><span class='ocrx_word' id='word_1_216' title='bbox 536 4017 551 4024; x_wconf 81' lang='lat'><strong>-</strong></span> <span class='ocrx_word' id='word_1_217' title='bbox 571 4055 833 4114; x_wconf 75' lang='lat' dir='ltr'><strong>temne,</strong></span> <span class='ocrx_word' id='word_1_218' title='bbox 880 4055 971 4100; x_wconf 88' lang='lat' dir='ltr'><strong>an</strong></span> <span class='ocrx_word' id='word_1_219' title='bbox 1017 4042 1257 4103; x_wconf 88' lang='lat' dir='ltr'><strong>totum</strong></span> <span class='ocrx_word' id='word_1_220' title='bbox 1292 4026 1622 4100; x_wconf 83' lang='lat' dir='ltr'><strong>editionis</strong></span> <span class='ocrx_word' id='word_1_221' title='bbox 1657 4029 2023 4102; x_wconf 86' lang='lat' dir='ltr'><strong>confilium</strong></span> <span class='ocrx_word' id='word_1_222' title='bbox 2051 4013 2417 4126; x_wconf 82' lang='lat' dir='ltr'><strong>abjicerem</strong></span> <span class='ocrx_word' id='word_1_223' title='bbox 2447 4058 2466 4102; x_wconf 73' lang='grc' dir='ltr'><strong><em>ε</em></strong></span> <span class='ocrx_word' id='word_1_224' title='bbox 2520 4055 2638 4102; x_wconf 88' lang='lat' dir='ltr'><strong>ac-</strong></span> 
     </span>
     <span class='ocr_line' id='line_1_34' title="bbox 570 4139 2763 4247; baseline -0 -26"><span class='ocrx_word' id='word_1_225' title='bbox 570 4145 773 4234; x_wconf 85' lang='lat' dir='ltr'><strong>ced0,</strong></span> <span class='ocrx_word' id='word_1_226' title='bbox 824 4147 1127 4237; x_wconf 86' lang='lat' dir='ltr'><strong>disced0‚</strong></span> <span class='ocrx_word' id='word_1_227' title='bbox 1162 4147 1291 4222; x_wconf 84' lang='lat' dir='ltr'><strong>alia</strong></span> <span class='ocrx_word' id='word_1_228' title='bbox 1328 4146 1567 4224; x_wconf 80' lang='lat' dir='ltr'><strong>omnia</strong></span> <span class='ocrx_word' id='word_1_229' title='bbox 1597 4173 1794 4247; x_wconf 84' lang='lat' dir='ltr'><strong>agere</strong></span> <span class='ocrx_word' id='word_1_230' title='bbox 1829 4147 2116 4246; x_wconf 73' lang='lat' dir='ltr'><strong>incipio·</strong></span> <span class='ocrx_word' id='word_1_231' title='bbox 2219 4146 2444 4224; x_wconf 88' lang='lat' dir='ltr'><strong>Redit</strong></span> <span class='ocrx_word' id='word_1_232' title='bbox 2477 4147 2638 4245; x_wconf 84' lang='lat' dir='ltr'><strong>post</strong></span> <span class='ocrx_word' id='word_1_233' title='bbox 2762 4139 2763 4144; x_wconf 29' lang='lat'>¹</span> 
     </span>
    </p>
   </div>
  </div>
 </body>
</html>
