2842 4784
580 297 673 380 x*
1144 257 2072 384 PRAEFA'T10.

575 491 677 564 vis
710 471 853 564 hoc
879 489 1119 562 sedulo
1152 489 1412 588 agenti,
1451 488 1688 562 omnia
1719 489 2056 566 instructa
2088 485 2220 567 effe
2255 499 2346 572 ad
2379 492 2646 576 editio»

572 629 737 678 nem
772 631 914 702 qua
946 618 1020 678 et
1066 603 1302 700 peritis
1336 617 1411 678 et'
1443 604 1584 700 ipse
1615 606 1788 678 mihi
1821 605 2301 699 satisfacerem,
2351 613 2642 690 difficile·

567 735 713 795 erat
740 723 923 796 hanc
956 719 1291 817 plerisque
1324 720 1846 796 excusationem
1882 725 2199 820 probare.
2303 732 2524 806 Erant
2553 750 2630 808 et

564 833 850 931 publice
902 848 973 906 et
1022 832 1377 929 privatim,
1422 834 1548 932 qui
1593 834 1812 909 festivi
1862 840 1998 910 effe
2041 842 2326 930 vellent,
2375 860 2451 920 et
2501 847 2634 921 has·

562 963 851 1022 aeternas
886 971 1113 1022 moras
1144 946 1446 1030 dicteriis
1482 963 1847 1043 peterent:
1902 977 2082 1049 quos
2121 956 2484 1086 equidem,
2533 975 2622 1034 ut

559 1065 653 1137 ab
680 1080 1023 1138 accurata
1050 1062 1371 1136 doctrina
1402 1065 1608 1138 rudes
1641 1081 1712 1139 et
1749 1091 2066 1143 mearum
2119 1071 2476 1147 rationum
2511 1075 2618 1212 ig-

560 1203 787 1268 naroe,
820 1181 1383 1254 contemnebam.
1486 1183 1704 1258 Erant
1743 1183 1912 1257 boni
1947 1199 2016 1258 et
2053 1186 2246 1261 docti
2279 1188 2434 1276 viri,
2487 1165 2616 1289 qui

558 1321 672 1368 me
708 1298 1151 1371 hortarentur
1188 1311 1273 1370 ut
1320 1322 1403 1370 ea
1445 1296 1685 1372 saltem
1717 1300 1955 1374 darem
1989 1327 2152 1398 quae
2191 1300 2344 1397 jam
2376 1319 2629 1401 parata

554 1413 908 1500 haberem,
956 1411 1217 1511 reliqua
1252 1413 1393 1488 alio
1437 1427 1750 1513 tempore
1791 1417 1866 1491 in
1899 1420 2115 1494 altera
2147 1419 2456 1496 editione
2485 1423 2622 1496 ada

550 1529 815 1602 derem.
918 1529 1232 1602 Alteram
1276 1553 1468 1618 vero,
1525 1531 1841 1628 inquam,
1887 1531 2276 1608 editionem
2331 1536 2616 1610 Plutara

550 1641 711 1716 chi!
772 1643 1015 1715 Valeat
1052 1641 1177 1716 ista
1214 1641 1489 1715 iteratio
1539 1642 1718 1716 forte
1759 1644 2064 1742 parvulis
2115 1645 2188 1720 in
2233 1645 2428 1722 libris
2459 1676 2482 1720 ι
2533 1647 2616 1722 in

546 1761 929 1834 Plutarcho
960 1758 1251 1856 quidem
1285 1761 1506 1834 valere
1533 1783 1678 1834 non
1711 1761 1992 1857 potest:
2047 1775 2236 1838 certe
2267 1764 2356 1838 de
2387 1765 2610 1840 altera

537 1878 687 1972 jam
730 1874 1037 1949 editione
1080 1875 1385 1973 cogitare
1431 1879 1607 1952 dum
1658 1878 1958 1975 primam
1993 1882 2230 1956 adhuc
2277 1880 2612 1969 moliariQ

544 2007 615 2066 et
650 1992 971 2066 vanitatis
1006 1995 1085 2065 fit
1114 1991 1446 2080 ridiculae,
1495 2009 1564 2066 et
1601 1997 1801 2066 malae
1835 1995 2026 2068 fidei.

640 2109 1088 2182 Accedebant
1146 2109 1488 2206 graviores
1547 2108 1873 2181 mutandi
1941 2109 2228 2182 confilii.
2267 2098 2602 2197 rationesss-

535 2237 697 2320 quae‘
734 2247 851 2298 me
878 2223 967 2294 de
990 2221 1157 2295 vitae
1186 2225 1514 2296 humanae
1545 2222 1884 2296 brevitate
1913 2241 1984 2296 et
2019 2223 2291 2300 incerta
2315 2224 2432 2320 spe
2465 2225 2592 2298 ad·-

536 2341 838 2415 modum
892 2338 1263 2414 efficaciter
1310 2353 1700 2425 monerent,
1743 2363 2054 2436 eumque
2103 2338 2274 2414 mihi
2321 2339 2596 2418 incute-

534 2475 689 2530 rent
736 2469 1036 2540 metum,
1092 2477 1203 2540 ne,
1256 2453 1434 2527 dum
1480 2477 1658 2548 opus
1705 2455 1904 2526 fimul
1951 2467 2192 2527 totum
2239 2477 2590 2554 urgerem,

534 2573 779 2646 ita·me
809 2595 997 2644 mors
1029 2585 1426 2668 occuparet,
1461 2587 1543 2641 ut
1579 2570 1768 2641 nulla
1792 2595 1946 2663 pars
1971 2569 2312 2658 absoluta,
2349 2595 2602 2646 omnes
2667 2627 2680 2638 ,

531 2691 794 2764 aff'ec'tae
838 2703 907 2762 et
954 2687 1299 2762 inchoatae
1345 2687 1588 2771 effent,
1642 2710 1816 2782 quas
1851 2711 2062 2758 nemo
2095 2689 2186 2760 ad
2216 2687 2600 2785 probabilis

528 2802 855 2878 editionis
920 2803 1219 2873 modum
1286 2799 1603 2897 colligere
1687 2815 1758 2872 et
1841 2825 2262 2897 componere
2335 2803 2586 2899 poss'et.

525 2924 761 3021 Qare
796 2941 975 3013 opus
1009 2918 1143 2987 hoc
1178 2939 1417 2987 meum
1449 2913 1524 2986 in
1555 2915 1736 2987 duas
1763 2915 2080 2990 distribui
2114 2932 2346 3012 panes
2377 2916 2588 2992 dein·-

523 3059 683 3132 ceps
714 3035 1203 3108 absolvendas:
1256 3032 1482 3128 prima
1505 3030 1626 3104 ·est
1669 3057 1753 3104 ea
1795 3059 1954 3130 quae
2006 3055 2196 3106 nunc
2231 3032 2386 3128 jam
2432 3049 2580 3108 tra··

518 3148 670 3222 dita
703 3149 1181 3224 DELnoA-rrs
1211 3145 1838 3217 Turroompmffi
1871 3144 2413 3232 oxomnnsts,
2448 3145 2575 3219 vi-

519 3265 609 3340 ris
661 3262 1073 3348 Inustribus,
1128 3261 1432 3334 lWoralia
1463 3263 1814 3333 Graeceet
1849 3257 2132 3346 Latine,·
2179 3261 2588 3350 emendata,

515 3381 756 3455 addita
789 3377 979 3451 brevi
1016 3375 1620 3462 Emendationum
1657 3373 2044 3461 notatione,
2095 3375 2412 3474 quinque
2445 3401 2580 3454 voa

511 3495 905 3574 luminibus
932 3495 1439 3592 complectetur
1462 3525 1489 3581 ς,
1537 3495 1772 3579 altera,
1799 3492 2446 3566 Animadverfiones
2477 3497 2576 3570 ad

512 3637 746 3688 rerum
778 3614 1295 3707 verborumque
1328 3607 1978 3728 interpretationem
2009 3625 2468 3706 comparatas,
2501 3625 2577 3686 et

510 3727 806 3815 Indices»,
859 3723 1299 3824 paucioribus
1344 3743 1532 3798 certe
1591 3721 2094 3810 voluminibus»,
2137 3721 2568 3799 continebit

506 3845 757 3941 Hujus
818 3843 1179 3916 materiam
1244 3843 1542 3917 dudum
1579 3839 1984 3940 congestam
2043 3841 2093 3914 si
2147 3838 2378 3914 fatum
2432 3853 2562 3916 aut
2658 3914 2670 3927 ,

504 3954 723 4059 digeri
754 3983 799 4030 a
830 3983 967 4044 me,
1013 3972 1139 4030 aut
1174 3959 1265 4029 ab
1288 3955 1439 4030 alio
1463 3981 1838 4054 quoquam
1871 3955 1944 4028 in
1975 3955 2210 4030 lucem
2240 3951 2582 4052 proferri„

502 4097 647 4147 non
680 4075 895 4157 finat3
946 4093 1126 4168 opus
1158 4083 1397 4144 tamen
1429 4070 1718 4144 meliore
1743 4068 1846 4144 sui
1885 4083 2098 4166 parte
2117 4067 2392 4148 salv-um
2410 4067 2553 4155 ·,est

503 4188 579 4262 id
608 4187 710 4263 est
739 4211 821 4262 ea
848 4209 1009 4288 quae
1040 4189 1137 4265 ad
1164 4184 1750 4291 ipfim4Aueto1÷s
1797 4206 2096 4264 manum
2141 4201 2214 4264 et.
2231 4233 2238 4249 ·
2258 4185 2574 4286 scraptae.
