2842 4784
491 254 668 333 xxvi
1055 253 1983 363 pRAEFA‘r-10.

489 438 1014 515 Moscuenfium
1053 439 1383 515 codicum
1432 439 1651 515 varias
1702 439 2027 517 leffiones
2064 440 2251 515 ultro
2298 442 2389 517 ad
2430 468 2549 521 me

489 554 702 641 mifit,
755 578 927 627 mox
980 551 1194 627 etiarn
1231 557 1643 653 exemplum
1690 554 2323 633 Graeco-Latinum
2358 560 2549 631 Vita-

489 698 654 757 rum,
694 670 1108 769 adscriptam
1158 673 1418 747 habens
1468 672 1541 746 in
1592 672 1901 771 margine
1934 670 2341 748 varietatem
2376 675 2547 747 alte-

491 782 632 861 rius
664 782 898 881 scripti
931 785 1088 859 libri
1123 783 1556 861 Moscuenfis
1588 815 1605 859 :
1660 788 1809 859 haec
1842 785 2057 885 igitur
2086 787 2275 861 ultro
2309 788 2401 861 ad
2430 812 2549 861 me

487 898 672 975 misit
707 902 776 994 J.
816 900 899 973 F.
941 902 1401 987 Mil—mum,
1441 905 1533 975 V.
1564 901 1674 975 Cl.
1715 926 1905 977 nunc
1944 901 2553 1001 WittebergenfiS,

485 1030 662 1091 tunc
725 1017 1152 1092 Moscuenfis
1211 1016 1569 1103 Profeffor,
1620 1016 1728 1089 vir
1784 1019 2031 1091 multae
2090 1035 2160 1091 et
2219 1017 2549 1117 elegantis

487 1134 854 1223 doetrinae,
905 1136 1032 1232 qui
1071 1134 1340 1233 primus
1381 1134 1729 1209 literatam
1774 1133 2140 1209 civitatem
2181 1132 2435 1209 notitia
2472 1148 2549 1211 et

354 1262 367 1278 ⁶
487 1249 618 1337 usu
677 1250 1088 1327 divitiarum
1147 1250 1328 1327 iuius
1391 1249 1837 1325 bibliothecae
1886 1264 2090 1323 antea
2145 1246 2549 1348 ignotarum
2592 1336 2623 1349 „

489 1367 976 1463 locupletavit.
1081 1369 1392 1440 Venetos
1446 1382 1754 1464 quatuor
1808 1364 2049 1451 libror»,
2106 1362 2549 1437 conciliatore

489 1482 895 1559 amiciffimo
956 1485 1497 1567 Vunmsoxm,
1566 1479 2015 1574 adjutore'et
2062 1474 2346 1571 ‚fautore
2400 1478 2591 1571 JA--

493 1623 696 1671 cono
767 1600 1248 1683 Mon-nmo,
1306 1596 1459 1669 viro
1512 1608 1583 1668 et
1645 1592 2164 1679 humanissimo,
2220 1607 2294 1666 et
2340 1590 2423 1667 'in
2474 1618 2546 1673 re

485 1715 687 1789 omni
730 1714 1028 1789 literaria
1071 1712 1546 1798 versatiffimO,
1596 1711 1906 1787 Custode
1954 1708 2396 1783 bibliothecae
2442 1708 2542 1782 D.

489 1830 747 1917 Marci,
807 1830 878 1905 in
931 1856 1122 1905 meos
1176 1828 1336 1904 usus
1395 1830 1730 1925 excerpfit
1788 1825 2217 1901 doekisfimus
2264 1824 2545 1919 juvenis

489 1925 820 2023 Pnurvs
854 1950 1212 2033 BLEssto,
1263 1946 1384 2020 illo
1413 1960 1745 2041 ,tempore
1784 1942 2145 2017 domestici
2178 1944 2543 2045 paedagogi

485 2086 776 2137 munere
813 2061 1148 2146 Venetiis,
1191 2063 1328 2133 hoc
1363 2075 1679 2156 tempore
1712 2060 1902 2154 apud
1932 2059 2539 2159 Wurtenbergen·

485 2174 584 2247 ses
625 2174 1002 2249 sacerdotio
1043 2173 1366 2271 fungens,
1471 2172 1801 2271 Ejusdem
1854 2175 2288 2249 Μοιυειιιι
2344 2174 2543 2249 beni-

411 2280 428 2299 ’
485 2291 810 2365 volentiae
863 2292 1092 2365 debeo
1139 2290 1547 2386 exemplum
1606 2287 1927 2387 Catalogi
1978 2288 2320 2367 librorum
2374 2293 2539 2367 Plu-

485 2408 954 2495 memorum,
1008 2434 1053 2479 a
1103 2406 1461 2503 Lampria,
1514 2422 1599 2481 ut
1650 2407 1865 2505 vulgo
1916 2406 2161 2495 fertur,
2214 2408 2539 2497 confeffi,

482 2518 676 2593 edito
719 2522 1044 2615 exemplo
1093 2518 1363 2616 plenius
1413 2534 1485 2593 et
1536 2517 1983 2616 locupletius,
2088 2520 2341 2597 Libros
2374 2520 2535 2595 bib-

479 2632 800 2711 liothecae
870 2634 1547 2732 Lugduno-Batavae
1609 2633 1745 2733 ipse
1808 2634 2127 2723 traebivi,
2196 2634 2541 2711 beneficio

481 2750 982 2821 Rmmxmzn
1023 2746 1234 2823 nostri
1261 2774 1546 2822 mecum
1577 2748 2160 2823 communicatos.
2215 2748 2326 2825 Hi
2363 2774 2533 2825 con-

481 2860 819 2950 tinentur,
903 2861 1145 2937 codice
1219 2866 1622 2940 Vossmno
1701 2861 1956 2963 scripto
1998 2892 2019 2937 z
2100 2862 2537 2939 Collefflone

479 2978 850 3051 Annam
883 2978 1284 3051 Scuoru:
1339 2977 1663 3075 exemplo
1695 2976 1961 3051 Aldino
2008 2974 2125 3049 cui
2173 2974 2535 3075 adscriptae

479 3090 638 3166 sunt
672 3094 874 3167 variae
909 3094 1238 3168 leffiones
1269 3096 1623 3167 Lssomcr
1660 3107 1733 3166 et
1770 3094 2177 3187 JANNoru
2216 3120 2231 3165 :
2289 3118 2527 3167 exem-

477 3208 597 3303 plo
633 3208 981 3282 Bafileenfi
1014 3233 1184 3282 cum
1215 3203 1823 3281 emendationibus
1854 3205 2125 3293 incerti,
2161 3204 2279 3279 sed
2310 3205 2533 3293 docti,

473 3318 634 3408 viri,
671 3347 886 3419 quem
935 3320 1297 3418 Anonymi
1331 3320 1617 3395 nornine
1656 3318 2237 3419 significavimus:
2289 3344 2530 3395 exem-

473 3436 598 3535 plo
659 3441 1278 3524 STEPHAMANO,
1333 3434 1408 3509 in
1462 3436 1664 3531 cujus
1724 3434 2037 3535 margine
2096 3438 2529 3511 BAcuETus

475 3554 1019 3629 Mfizrnxncus
1109 3553 1517 3627 varietatem
1614 3552 2091 3650 quorumdam
2188 3550 2531 3627 librorum

473 3668 916 3765 scriptorum,
975 3682 1044 3743 et
1094 3692 1260 3743 vero
1311 3668 1743 3767 conjecturas
1796 3668 2057 3745 multas
2107 3664 2357 3764 easque
2396 3667 2527 3741 bo-

471 3810 621 3871 1335,
677 3783 1086 3859 annotavit:
1146 3782 1509 3864 codicibus
1558 3800 1886 3881 praeterea
1935 3784 2217 3856 duobus
2266 3781 2529 3881 scriptis

469 3900 782 3975 duorum
829 3899 1254 3985 libellorum,
1305 3900 1523 3974 altero
1576 3902 2043 3974 Platonicorum
2098 3900 2524 3992 Qua-ſsimum,

471 4013 692 4087 altero
759 4016 1370 4101 szzommo,
1450 4016 1887 4112 Consolationis
1950 4018 2049 4089 ad
2109 4018 2523 4113 Apollonium,

467 4126 1045 4223 florentinorum
1098 4127 1427 4205 codicum
1478 4128 1879 4207 collationes
1932 4132 2179 4226 nadkus
2230 4129 2393 4233 snm.
2434 4154 2529 4227 cx
