2842 4784
762 273 1688 352 PRAEFATIO.
2093 275 2404 364 cxlv‘

233 459 480 534 ‘editoris
526 457 753 534 officia
803 459 1261 557 probabiliter
1306 457 1678 556 expleviffe
1731 457 1910 534 mihi
1961 457 2257 549 viderer,

232 573 405 648 nolui
438 577 565 650 hoc
592 601 825 649 unum
868 574 1240 674 negligere.
1342 575 1476 648 Sed
1515 599 1744 672 quum
1776 573 2254 676 intelligerem,

228 692 440 766 multis
470 671 639 768 milii
672 719 763 768 ex
798 693 921 766 illo
968 717 1217 792 genere
1266 691 1458 766 libris
1507 693 1890 768 carendum
1921 691 2114 782 fore,
2167 717 2255 768 eo

228 807 419 908 magis
448 833 729 906 operam
764 807 955 896 dedi,
1006 824 1089 883 ut
1119 806 1462 906 plurimos
1496 807 1943 906 optimosque
1974 807 2254 884 codices

230 923 479 1022 scriptos
532 943 743 1002 antea
798 927 1119 1000 nondum
1177 925 1532 1000 adhibitos
1575 927 1652 1000 in
1705 925 1912 1000 usum
1961 947 2254 998 conver-

228 1054 415 1115 terem
462 1067 729 1118 meum.
834 1046 1170 1140 Cumque
1228 1042 1401 1116 item
1467 1041 1956 1142 intelligerem,
2021 1051 2254 1140 neque

220 1156 517 1233 codicum
552 1183 865 1256 quorum
887 1160 1140 1232 vellem
1173 1157 1501 1232 omnium
1529 1157 1810 1255 copiam
1840 1156 2018 1234 mihi
2049 1157 2249 1234 stitu-

224 1297 371 1362 ram,
420 1299 651 1372 noque
706 1299 869 1373 quae
927 1274 1379 1348 desiderarem
1436 1273 1676 1347 omnia
1737 1299 1826 1347 ex
1889 1273 2253 1350 codicibus

224 1386 349 1484 peti
376 1391 559 1486 poffe
588 1421 613 1477 3
664 1413 752 1462 eo
784 1388 1123 1486 majorem
1167 1413 1437 1476 curam,
1487 1386 1930 1477 industriam,
1973 1388 2250 1465 affidui·

226 1513 415 1578 tatem
446 1502 521 1577 in
552 1528 639 1577 eo
668 1502 895 1602 posui,
944 1521 1033 1577 ut
1086 1499 1619 1576 Emendationis
1657 1517 1873 1602 atque
1906 1507 2250 1602 Interpre-

224 1619 473 1694 tationis
505 1594 743 1720 &ias
776 1647 937 1696 meo
972 1619 1111 1720 ipse
1152 1618 1608 1720 consequerer
1638 1643 1719 1696 ac
1751 1622 2252 1719 locupletarem

224 1733 443 1809 studio.
546 1739 718 1837 Qo
766 1734 1057 1834 quidem
1108 1734 1343 1812 studio
1395 1760 1514 1810 me
1564 1733 1831 1833 aliquid
1868 1733 2252 1838 profecisse,

220 1851 527 1924 affirmare
592 1851 731 1950 ipse
802 1877 945 1925 non
1001 1851 1258 1926 dubito
1289 1881 1309 1926 z
1395 1863 1757 1959 quantum
1809 1849 2252 1948 profecerim,

222 1961 389 2036 docti
412 1965 705 2038 lectores
727 1964 1180 2060 judicabunt.

300 2080 463 2153 Hoc
514 2093 629 2154 tot
672 2103 1021 2154 annorum
1069 2105 1250 2179 opus
1298 2071 1588 2178 quando
1623 2078 1779 2178 jam
1809 2107 1898 2155 eo
1927 2079 2253 2178 perduxi,

226 2205 293 2264 ut
323 2195 599 2268 tandem
633 2191 705 2268 in
737 2193 1111 2292 publicum
1152 2196 1477 2294 prodeat,
1511 2196 1798 2296 ejusque
1827 2196 2072 2285 editio,
2104 2194 2252 2270 nes·-

222 2305 315 2382 cio
342 2335 481 2406 quo
512 2309 688 2396 fat0,
740 2309 815 2384 in
862 2313 1043 2385 hanc
1078 2327 1484 2409 temporum
1521 2309 1916 2404 nostrorum
1951 2313 2252 2410 difficul-

224 2435 414 2500 tatem
442 2426 733 2516 incidat,
770 2453 928 2526 quae
962 2443 1032 2502 et
1066 2428 1381 2524 publicas
1410 2445 1486 2503 et
1516 2428 1818 2536 priyatas
1851 2453 1957 2505 res
1979 2429 2254 2530 affligit,

222 2563 573 2641 earumque
608 2543 871 2618 statum
900 2542 1209 2617 dubium
1238 2542 1468 2617 reddit
1493 2572 1518 2630 ;
1551 2541 1774 2618 facere
1799 2569 1942 2618 non
1971 2547 2254 2642 poffum

224 2660 485 2734 utillud
516 2663 657 2734 fine
684 2673 859 2735 voto
888 2673 964 2734 et
990 2655 1421 2756 inauspicato
1449 2685 1488 2732 e
1515 2656 1841 2734 manibus
1865 2657 2250 2734 dimittam.

228 2774 417 2852 Faxit
458 2777 661 2852 Deus
707 2776 805 2850 Ο.
842 2777 959 2850 M.
1011 2790 1097 2850 ut
1147 2774 1315 2850 huic
1357 2775 1600 2874 patriae
1633 2801 1802 2850 cum
1833 2774 2118 2873 pristina
2148 2799 2253 2848 re-

228 2911 359 2964 rum
404 2888 857 2988 prosperitate
906 2915 1047 2988 pax
1100 2890 1504 2964 restituatur
1537 2919 1554 2963 :
1609 2888 1928 2986 mihique
1971 2888 2146 2964 vires
2181 2903 2258 2966 et

226 2999 441 3080 sanitas
485 3005 1002 3094 conserventur,
1055 3007 1291 3081 otium
1340 3021 1524 3079 certe
1567 3003 1917 3103 obtingat,
1969 3019 2054 3080 ut
2099 3003 2256 3080 reli-

223 3141 409 3216 quam
438 3119 671 3222 operis
702 3137 981 3220 partem
1011 3120 1389 3196 absolvam.
1498 3117 1636 3194 Sed
1685 3120 1850 3206 hoc,
1898 3133 1981 3194 ut
2029 3118 2256 3194 incer-

228 3245 381 3326 tum,
410 3240 1091 3337 quomodocumque
1122 3238 1458 3328 evenerit,
1507 3263 1718 3336 aequo
1765 3235 2004 3316 animo
2031 3251 2102 3310 et
2139 3261 2255 3314 ac-

225 3351 599 3450 cipiendum
639 3373 711 3432 et
740 3355 1134 3440 ferendum.
1239 3356 1430 3435 Illud
1458 3355 1650 3428 haud
1681 3351 1904 3428 dubia
1931 3351 2047 3452 spe
2077 3377 2256 3452 prae·

224 3464 403 3564 cipio,
438 3469 585 3546 fore
617 3486 702 3546 ut
738 3497 957 3569 quam
989 3495 1121 3570 ego
1155 3466 1231 3546 in
1262 3471 1664 3544 adornanda
1681 3467 2260 3567 conficiendaque
2293 3547 2304 3556 ,

228 3581 333 3660 hac
359 3585 687 3664 Editione
718 3585 999 3686 percepi
1030 3611 1197 3660 cum
1232 3583 1570 3660 doetrinae
1619 3583 1980 3683 animique
2016 3581 2258 3658 fructu

230 3695 631 3793 suavitatem,
696 3705 993 3780 eandem
1044 3699 1432 3802 legentium
1486 3698 1775 3798 plurimi
1823 3697 2204 3797 percipiant
2227 3729 2258 3786 3

232 3811 553 3895 Plutarchi
586 3817 778 3894 libris
808 3819 1041 3894 multo
1076 3841 1293 3916 quam
1328 3829 1530 3890 antea
1575 3814 1796 3914 magis
1834 3814 1984 3910 jam
2017 3837 2256 3886 emen-

232 3925 381 4004 datis
407 3946 479 4008 et
510 3935 603 4009 ad
633 3955 1095 4008 communem
1124 3929 1266 4010 fere
1304 3927 1837 4028 intelligentiam
1872 3925 2254 4024 patefaffis.

330 4047 563 4144 Scripsi
628 4046 1167 4136 Amstelodami,
1248 4043 1484 4122 mense
1549 4045 1626 4120 N
1629 4043 1960 4118 ovembre
1977 4095 2000 4129 ,
2071 4065 2262 4116 anno

242 4177 645 4239 unccxcrv.

320 4295 487 4350 vox..
530 4303 587 4358 1.
1212 4281 1263 4353 k
