2842 4784
518 315 668 406 ‘lxx
1107 326 2024 407 PRAEFATIO.

549 514 685 587 hoc
715 512 988 587 saeculo'
1012 510 1239 610 scripti
1289 514 1649 587 censentur
1684 545 1700 585 :
1754 515 2031 589 Parifini
2064 516 2137 590 D
2164 529 2234 590 et
2272 518 2333 590 F
2362 540 2595 591 mem-

547 628 890 715 branacei,
947 629 1191 701 eadem
1249 627 1603 702 literarum
1660 628 1883 703 forma
1946 656 2102 729 qua,
2142 630 2593 705 Moscuenses

559 768 590 823 1
633 759 704 821 et
745 771 814 830 2,
849 764 1153 842 quorum
1185 743 1372 839 prior
1405 743 1651 817 sae⁸culo
1684 743 1758 817 xi
1790 746 1895 817 vel
1930 744 2053 831 xii,
2098 744 2427 843 posterior
2462 744 2593 830 xii,

553 859 840 959 ponitur
895 884 936 930 a
996 860 1435 933 MATTHAEO
1500 859 1669 933 Viro
1728 860 1835 933 Cl.
1900 859 1971 933 in
2030 860 2438 935 Praefatione
2500 860 2597 933 ad

556 974 912 1052 Plutarchi
961 974 1230 1048 libellos
1285 974 1400 1047 De
1450 978 1677 1075 Vitioso
1724 980 1975 1049 Pudore
2014 992 2085 1051 et
2139 978 2255 1051 De
2288 980 2596 1052 Fortuna.

557 1092 884 1187 Ejusdem
919 1086 1144 1164 aetatis
1172 1090 1469 1169 habetur
1490 1092 1715 1164 codex
1754 1090 1958 1165 Paris.
1994 1106 2193 1165 num.
2234 1092 2413 1191 1678
2446 1121 2463 1163 :
2516 1104 2599 1164 et

556 1204 858 1285 habendi
891 1203 1046 1279 sunt
1079 1202 1349 1282 codices
1377 1208 1445 1276 V
1436 1210 1665 1277 itarum
1700 1190 1770 1279 et
1797 1208 2147 1279 Adoralium
2184 1206 2601 1293 Florentini,

558 1346 866 1419 quorum
895 1316 1172 1394 collatio
1196 1344 1233 1393 e
1264 1322 1841 1410 GRouovxams
1876 1319 2140 1393 schedis
2172 1322 2259 1393 ad
2278 1346 2403 1393 -me
2435 1344 2598 1417 per-

559 1437 774 1513 venit.
875 1434 1168 1513 Codices
1226 1436 1372 1509 duo
1436 1435 2024 1523 VindobonenseS,
2084 1462 2196 1533 ap.
2265 1438 2598 1510 LAMBE-

565 1576 778 1625 cnm
809 1550 976 1625 edit.
1015 1548 1302 1627 Kollarii
1339 1566 1391 1623 t.
1417 1548 1538 1637 vii,
1576 1576 1645 1647 p.
1681 1576 1843 1650 257.
1946 1553 2173 1625 Num.
2199 1550 2395 1639 lxxii,
2428 1574 2603 1625 con-

466 1744 474 1753 ,
561 1666 790 1741 tinens
825 1668 1233 1765 Sympostacas
1261 1660 1657 1761 Qkstiones,
1692 1663 1999 1739 mirificis
2031 1654 2350 1738 laudibus
2382 1663 2609 1737 fertur

561 1809 606 1857 a
638 1784 1100 1866 huminem,
1151 1778 1410 1877 quibus
1449 1781 1635 1853 hunc
1666 1766 1983 1854 codicem
2016 1780 2337 1854 laudibus
2372 1772 2605 1877 indi'g-

565 1924 744 1974 num
794 1898 950 1982 effe,
1003 1893 1182 1971 mihi
1237 1892 1505 1991 scripfit.
1542 1892 1669 1967 Vir
1714 1894 2139 1969 doetiffimus
2193 1899 2605 1970 ALoYstus

565 2014 656 2089 L.
691 2016 864 2087 Baro
907 2014 996 2085 de
1044 2011 1352 2096 Locella,
1405 2008 1555 2105 qui:
1583 2034 1748 2081 eum
1799 2008 2041 2085 multis
2083 2011 2249 2083 locis
2280 2008 2609 2104 inspexit,

562 2126 842 2223 ejusque
873 2140 1197 2221 excerpta
1229 2142 1300 2199 et
1335 2123 1661 2199 notitiam
1698 2150 1979 2199 mecum
2011 2121 2604 2199 communicavit:

563 2266 730 2313 eum
787 2254 1022 2314 tamen
1085 2241 1221 2311 hoc
1285 2236 1535 2311 saeculo
1592 2237 1887 2313 censens.
1991 2242 2191 2316 Alter
2242 2238 2340 2314 est
2394 2264 2600 2313 num.

565 2355 789 2443 lxxiii,
849 2354 922 2429 in
985 2380 1130 2451 quo
1188 2352 1344 2426 sunt
1401 2354 1698 2427 Moralia
1758 2357 2142 2453 complura.
2244 2358 2609 2433 Caeterum

463 2556 468 2561 ,
566 2470 836 2547 codices
867 2469 982 2545 hic
1015 2468 1384 2545 memorati
1421 2469 1580 2544 sunt
1613 2470 2143 2545 membranacei.

1253 2687 1665 2743 SAECUL.
1748 2688 1915 2745 xm.

667 2828 892 2923 Capta
941 2823 1068 2898 sub
1117 2823 1398 2899 initium
1450 2826 1656 2923 hujus
1700 2825 1925 2899 saeculi
1968 2824 2613 2923 Constantinopolis

569 2957 641 3016 et
677 2940 951 3017 Graecia
979 2966 1018 3033 a
1061 2938 1372 3014 Latinis:
1430 2966 1587 3039 quae
1638 2941 1987 3017 calamitas
2034 2942 2343 3041 plurium
2390 2942 2613 3018 etiam

567 3057 922 3129 bonorum
957 3056 1294 3129 librorum
1318 3056 1667 3152 jac'turam
1702 3056 1964 3132 attulit.
2040 3062 2375 3132 Veterum
2409 3057 2617 3132 Lite·

563 3194 804 3243 sarum
833 3166 1034 3265 periti
1067 3168 1380 3243 homines
1423 3170 1743 3246 feruntur
1774 3171 1968 3249 nulli.
2072 3176 2521 3269 Recuperato
2571 3196 2618 3245 a

573 3282 834 3359 Graecis
869 3283 1188 3379 imperio,
1231 3284 1623 3363 Literarum
1660 3288 1885 3392 studia
1916 3290 2281 3386 paululum
2328 3286 2613 3360 recreari

567 3414 961 3495 coeperunt.
1023 3400 1170 3472 Sub
1205 3402 1416 3475 finem
1454 3402 1679 3477 saeculi
1703 3402 1997 3501 scriptus
2032 3404 2130 3477 est
2164 3403 2235 3476 in
2272 3401 2546 3477 Graecia

670 3513 1613 3593 CODEX-membranaceus
1645 3524 1933 3595 Vitarum
1958 3534 2027 3594 et
2054 3523 2409 3595 Moralium
2442 3518 2616 3591 Plu-

473 3618 502 3690 '·
569 3626 814 3713 tarchi,
866 3653 1052 3701 anno
1095 3634 1323 3723 129613
1375 3633 1607 3730 quiin
1652 3634 1990 3709 Parifienfi
2020 3632 2448 3707 bibliotheca
2478 3630 2616 3705 ser—

557 3756 772 3815 -vatus
805 3756 1090 3817 notatur
1121 3742 1414 3821 numero
1457 3750 1665 3847 1671,
1710 3774 1753 3821 a
1786 3746 1987 3823 nobis
2019 3747 2217 3821 litera
2252 3752 2319 3819 A
2354 3744 2617 3845 fignifi-

569 3872 790 3931 catur.
892 3858 980 3931 In
1010 3878 1157 3954 vquo
1191 3856 1661 3947 describendO,
1699 3876 1768 3936 et
1802 3862 2093 3937 omnino
2127 3862 2196 3934 in
2232 3861 2633 3934 Plutarcho

567 3969 1033 4057 emendando,
1078 3970 1344 4073 aliquid
1377 3998 1601 4071 operae
1636 3978 2056 4051 collocatum
2090 3975 2361 4049 fuisse-a
2393 3976 2615 4048 Max-

568 4082 716 4157 imo
751 4086 1089 4173 Planude‚
1125 4114 1266 4161 non
1299 4091 1621 4165 abhorret
1649 4117 1690 4163 a
1715 4090 2347 4164 verifimilitudine:
2386 4114 2614 4189 quan-

551 4200 958 4301 ·doquidem
1007 4202 1276 4311 eadem,
1327 4232 1485 4307 quae
1532 4209 1796 4311 reliqua
1824 4208 2104 4306 scripfit,
2151 4233 2413 4282 manus·
2436 4210 2621 4281 hanc
