2842 4784
604 273 1638 360 -PRAEFATIQ
2067 300 2204 362 xcv

193 467 563 563 exmplum
613 461 959 540 Aldinum
1008 464 1363 539 Moralium
1404 465 1603 561 cujus
1651 463 1724 540 in
1761 465 2064 564 margine
2097 471 2202 542 A*

196 607 517 656 minutis
555 583 1001 654 Tunmznus
1032 577 1492 653 correfflones
1525 596 1596 652 et
1629 579 1845 654 varias
1871 579 2204 656 lectiones

190 695 521 792 adscriplit.
628 694 757 770 Est
812 691 949 768 hbe
1008 693 1193 766 idem
1253 695 1658 788 exemplum
1707 719 1854 790 quo
1895 696 1994 766 ufi
2043 693 2204 770 sunt

190 812 449 884 editores
484 810 1053 886 Graeco-Latinae
1086 808 1407 883 editionis
1435 807 1504 882 V
1495 813 1726 882 iturum
1757 825 1825 880 et
1845 811 2202 884 Moralium

190 927 689 1002 Francoffirtani
720 953 909 1000 anno
948 951 1179 1026 1599:
1232 951 1411 1023 quos
1447 925 1870 1024 negligenter
1917 951 2004 1000 eo
2047 928 2201 1002 usos
2347 991 2376 1020 ,

188 1043 317 1130 effe,
360 1044 827 1140 plurimarum
860 1040 1245 1116 lectionum
1278 1043 1385 1116 vel
1431 1039 1786 1116 omiffione
1817 1044 1928 1118 vel
1961 1041 2204 1122 vitiosa

187 1155 627 1252 descriptione,
692 1155 873 1230 infra
917 1153 1377 1229 ostendemus.
1483 1156 1568 1228 In
1609 1153 1821 1230 titulo
1866 1154 2204 1252 seriptum

188 1269 395 1360 exstat,
454 1275 784 1346 Adrianus
838 1270 1181 1356 Turnebus,
1234 1272 1494 1342 moriens
1555 1268 1862 1366 Stephano
1921 1271 2202 1348 Turnebo

194 1383 257 1458 V.
290 1387 356 1460 C.
381 1389 463 1460 F.
510 1392 813 1486 reliquit:
861 1387 968 1460 hic
1008 1387 1115 1476 Jo.
1166 1387 1558 1475 Bourdelotiy
1607 1387 1710 1461 D.
1742 1387 1840 1462 D.
1943 1389 2080 1464 Sed
2127 1387 2202 1464 in

192 1500 295 1573 hac
334 1500 800 1600 inscriptione,
850 1503 941 1576 ab
996 1501 1129 1574 alia
1182 1526 1395 1574 manu
1447 1502 1546 1575 est
1592 1529 1850 1578 nornen
1885 1507 2204 1580 Adrianus

192 1613 491 1704 Turnebus,
525 1619 625 1692 ab
650 1616 787 1690 alia
816 1631 887 1690 et
912 1614 1279 1714 posteriore
1308 1615 1468 1690 sunt
1503 1611 1878 1716 sequentia.
1941 1620 2202 1718 Margo

194 1741 313 1802 tam
338 1729 651 1820 interior,
686 1755 903 1828 quam
936 1727 1263 1815 exterior,
1312 1731 1617 1825 repletus
1649 1729 1748 1804 est
1797 1730 2006 1817 notiS,
2038 1757 2200 1829 quae

192 1861 393 1920 utrum
444 1852 585 1922 fint
642 1846 1059 1940 conjecturae
1117 1869 1207 1918 an
1264 1843 1598 1918 codicum
1651 1843 2006 1931 lectioneS,
2057 1871 2203 1919 non

196 1960 583 2056 fignificatur
636 1961 759 2034 nifi
810 1959 1225 2056 pauciffimis
1272 1958 1465 2044 locis,
1523 1964 1574 2032 ἐν
1619 1961 1876 2052 παλαιᾷ
1907 1987 1924 2030 :
1985 1955 2204 2033 veluti

196 2075 267 2148 ab
303 2075 491 2154 initio
552 2079 649 2152 ad
706 2078 1021 2152 libellum
1078 2078 1192 2149 De
1244 2077 1663 2160 Educatione,
1715 2087 2096 2148 annotatur
2151 2079 2206 2150 ἐν

196 2198 412 2290 παλαιᾷ
440 2194 589 2273 ἔτος
620 2201 649 2266 ὅ
684 2200 863 2289 λόγος
890 2195 953 2284 β’
986 2225 1077 2292 ρος
1111 2193 1217 2270 {clv
1246 2219 1263 2260 t
1304 2190 1500 2286 quod
1534 2194 1607 2262 in
1641 2189 1702 2262 F
1703 2185 2204 2264 rancofilrtanae

198 2306 473 2385 editionis
530 2306 773 2385 Indice
819 2308 989 2381 item
1033 2305 1257 2380 exstat
1302 2305 1549 2380 addito
1581 2303 1866 2379 nomine
1903 2307 2202 2382 Vulcobii.

200 2419 295 2494 Est
314 2423 427 2498 ubi
460 2441 649 2526 Γεςμ.
684 2422 1118 2508 adscribitur,
1156 2421 1227 2494 id
1260 2420 1357 2494 est
1390 2421 1612 2494 editio
1641 2423 2020 2496 Basileenfis
2053 2451 2070 2493 z
2105 2419 2207 2495 est

198 2535 529 2615 etiamnbi
562 2546 802 2620 Βκδαῖος
850 2538 1126 2638 legitur.
1230 2537 1523 2634 Triplex
1572 2553 1856 2634 apparet
1907 2563 2200 2612 manusz

198 2673 309 2724 una
332 2647 698 2741 concinna,
748 2679 907 2752 quae
941 2653 1147 2750 ipfius
1180 2651 1462 2726 videtur
1491 2653 1622 2726 effe
1657 2659 1752 2727 A.
1787 2655 2204 2741 Tuam-2131,

198 2765 437 2864 reliquae
468 2791 617 2843 non
652 2767 847 2842 item.
952 2763 1480 2843 In‘lee'tionibus
1525 2766 1642 2840 illa
1674 2765 1955 2840 meliore
1989 2791 2209 2840 manu

202 2876 423 2980 scriptis
460 2899 753 2981 apparet
802 2881 1117 2956 doetrina
1166 2881 1608 2956 correctoris:
1663 2881 2010 2978 saepiffime
2043 2905 2208 2954 vero

200 3005 361 3070 tanta
394 2996 875 3096 probabilitas,
924 3015 1009 3072 ut
1054 2997 1357 3071 dubium
1413 2999 1494 3070 fit
1541 3011 1786 3069 utrum
1827 2997 1920 3068 ad
1951 2993 2208 3068 codicis

200 3114 429 3213 antiqui
480 3113 879 3189 bonitatem
938 3137 1027 3187 an
1076 3115 1166 3186 ad
1220 3110 1482 3211 ingenii
1526 3110 1929 3185 felicitatem
1977 3109 2206 3184 referri

200 3223 483 3304 debeant.
562 3228 817 3304 Habui
846 3231 1038 3302 hunc
1072 3227 1333 3302 librum
1366 3225 1850 3308 beneficioCl.
1893 3227 2208 3298 DEsAu-

202 3358 441 3420 vorsu
488 3340 819 3433 Abba'tis‚
874 3347 999 3443 qui
1052 3347 1171 3418 illo
1220 3360 1558 3441 tempore,
1608 3368 1756 3441 quo
1801 3341 1874 3414 in
1925 3339 2209 3414 Parifio·

204 3479 331 3532 mm
378 3463 549 3536 urbe
596 3460 785 3558 degi,
836 3459 1165 3534 custodiae
1218 3459 1699 3556 imprefforum
1743 3455 2088 3529 librorum
2135 3455 2210 3526 in

206 3571 592 3652 ffliotheoe
624 3577 835 3675 regia,
872 3576 1237 3675 praefeetus
1271 3590 1442 3649 erat.

286 3691 699 3788 Exemplum
758 3679 1147 3777 Basileense,
1224 3693 1510 3762 Vitarum
1579 3717 1604 3762 1
1621 3715 1788 3788 533,
1855 3688 2212 3767 Moralium

214 3823 392 3898 ¹542,
438 3807 769 3882 Hadriani
792 3808 997 3898 Junii,
1048 3804 1247 3901 cujus
1288 3821 1359 3878 et
1394 3829 1654 3878 nornen
1689 3801 1902 3874 titulo
1935 3795 2216 3892 inser-ip-

210 3925 335 3990 tum
366 3917 567 4016 ipfius
602 3945 847 4006 manu,
896 3934 967 3993 et
1020 3937 1204 3993 notae
1238 3920 1484 3991 eadem
1515 3941 1733 3990 manu
1766 3911 2058 4009 margini
2093 3913 2214 3983 ad-

208 4022 427 4126 sctiptae
482 4031 673 4121 sunt,
728 4032 803 4108 in
847 4033 1018 4108 Vitis
1070 4033 1361 4132 quidem
1404 4053 1564 4106 ‘non'
1611 4029 1746 4102 fere
1799 4029 2040 4112 habet,
2098 4023 2218 4099 nifi
2339 4029 2355 4042 ⁴

208 4142 451 4222 nomina
506 4171 749 4226 rerum
802 4161 877 4224 et
936 4148 1309 4224 hominum
1364 4149 1454 4244 de
1513 4141 1776 4242 quibus
1833 4141 1908 4216 in
1969 4141 2218 4216 Graeco
