2842 4784
688 269 1660 346 PRAEFATIO.
2105 272 2232 358 lxv

870 551 1307 605 sAEcuL.
1396 551 1528 606 xn.

260 683 939 759 EUSTRATIUS
996 683 1069 757 in
1124 687 1650 776 Commentario
1697 689 1790 762 ad
1842 685 2226 762 Aristotelis

198 795 393 868 Ethica
443 796 905 874 Nicomach.
961 799 1085 874 vid
1142 801 1205 872 F
1210 822 1480 875 Anno.
1535 802 1714 876 Bibl.
1783 807 1912 879 Gr.
1973 805 2115 879 vol.
2153 805 2228 892 ii,

198 937 253 1006 p.
286 938 427 1010 151.
532 912 757 986 Huic
808 917 1160 988 debemus
1192 917 1753 992 emendationem
1786 919 1922 994 loci
1955 921 2228 994 Plutar-

204 1027 315 1098 thei
340 1026 543 1098 initio
578 1027 755 1100 libri
794 1029 917 1100 De
958 1030 1123 1121 Iside
1156 1047 1217 1101 et
1256 1031 1526 1122 Ofiride,
1575 1055 1792 1128 quem
1839 1033 2078 1106 locum
2123 1030 2227 1104 in·
2337 1019 2344 1027 ’
2481 1107 2492 1128 ,

200 1141 525 1238 tegrini-em
558 1167 801 1239 quam
832 1143 1071 1216 adhuc
1106 1141 1180 1214 in
1214 1141 1416 1230 „libris
1450 1143 1686 1217 nostris
1719 1159 1889 1231 erat,
1939 1144 2228 1220 servavit

206 1255 549 1328 Euſtratius
584 1258 679 1328 ad
720 1256 1025 1330 Aristot.
1064 1255 1296 1331 Ethic.
1334 1256 1456 1333 lib.
1485 1256 1578 1332 vi.

276 1369 965 1444 NICEPHORUS
1014 1371 1505 1446 BASILACA
1553 1369 1625 1444 in
1674 1373 2006 1470 Excerptis
2053 1373 2230 1447 Rhe-

204 1505 367 1556 tm
412 1502 471 1556 et
534 1485 975 1581 Sophistarum
1034 1484 1268 1556 Leonis
1320 1487 1574 1571 Marii,
1629 1487 1848 1560 Rome
1901 1491 2110 1579 1641,
2159 1490 2228 1561 8.-

200 1603 345 1676 Διπῒτ
310 1637 431 1694 παι
458 1603 548 1698 γ’·
604 1602 787 1673 *im
814 1602 1158 1697 Πλᾶταρχο
1161 1632 1189 1680 ς
1222 1607 1343 1672 ἔντ’
1344 1607 1423 1680 οἷς
1457 1603 1829 1702 Παραλληλο
1835 1635 1884 1680 ις
1915 1609 1966 1673 δι
1950 1610 2107 1698 ι’ἰήγε
2097 1637 2229 1677 τι.οι

202 1715 357 1788 Non
375 1716 521 1790 est
500 1743 581 1790 m
616 1715 1005 1803 Pax-anelis,
1052 1713 1218 1789 sed
1200 1741 1271 1788 m
1319 1715 1496 1789 libro
1538 1717 1645 1790 De
1683 1719 1785 1792 Vb
1789 1719 2032 1790 ·tutibus
2066 1718 2234 1790 Mu-

202 1833 425 1914 lierum,
448 1845 673 1928 caput
710 1830 1175 1928 postremum,
1208 1815 1456 1904 Moral.
1497 1855 1568 1928 p.
1597 1833 1763 1904 262.

300 1944 681 2021 GLYCAS
736 1946 1127 2020 Annalium
1160 1946 1271 2019 ed.
1306 1949 1560 2020 Venet.
1595 1970 1669 2042 p.
1696 1972 1748 2039 4
1751 1967 1822 2044 5
1857 1949 1954 2032 A,
1985 1945 2074 2020 de
2107 1945 2236 2019 fas·

203 2055 347 2130 cino
374 2083 605 2158 agenS,
638 2073 992 2133 memorat
1026 2059 1428 2134 Eutelidem
1453 2085 1544 2133 ex
1578 2058 1936 2132 Plutarchi
1967 2059 2234 2158 Sympofi

210 2176 413 2267 Qud.
444 2205 521 2266 v,
548 2204 622 2277 7.
704 2175 891 2250 Ibid.
929 2203 1001 2274 p.
1040 2201 1200 2264 101,
1225 2179 1323 2264 E,
1372 2175 1531 2250 sunt
1581 2201 1670 2248 ex
1701 2177 1975 2248 Placitis
2010 2175 2236 2248 Philo·

188 2293 515 2387 βρύοντα,
552 2293 605 2380 ἱ,
642 2293 717 2366 6.

282 2406 849 2501 JOHANNES
897 2405 1384 2490 TZETZES,
1436 2403 1756 2500 frequens
1795 2405 1909 2477 ille
1943 2403 2235 2503 quidem

204 2518 263 2593 ia
312 2523 779 2596 memorando
836 2519 1236 2606 PlutarchO,
1307 2543 1434 2592 nec
1489 2534 1726 2592 tamen
1780 2533 1862 2592 ut
1921 2523 2236 2594 multum

204 2637 441 2713 aiferat
502 2635 887 2712 momenti.
992 2639 1071 2710 In
1142 2638 1399 2709 Scholiis
1449 2637 1544 2713 ad
1597 2637 1926 2733 Hesiodum
1993 2637 2241 2709 Proclo

204 2775 327 2823 non
350 2775 629 2848 paucos
666 2749 1116 2822 Plutarcheos
1151 2746 1443 2846 sublegit
1475 2749 1687 2834 locos,
1739 2749 2076 2844 quosdam
2109 2747 2242 2820 eti·

202 2892 301 2938 am
327 2867 679 2965 pleniores
712 2865 923 2936 habet
953 2893 977 2948 ς
1027 2862 1127 2936 est
1160 2887 1447 2960 quoque
1473 2861 1601 2936 ubi
1633 2862 1703 2934 in
1736 2863 1980 2936 eadem
2031 2861 2241 2935 inter·

198 2979 579 3070 pretatione
610 2999 879 3048 nomen
910 2972 1263 3049 Plutarchi
1299 2973 1436 3071 ipse
1465 2975 1744 3058 habeat,
1778 2974 2066 3046 Proclus
2101 2999 2244 3048 non

196 3091 369 3166 item.
485 3093 567 3164 N
570 3115 661 3164 ec
694 3091 835 3162 hoc
878 3111 963 3162 eo
1002 3089 1213 3173 valet,
1264 3103 1345 3160 ut
1398 3091 1750 3161 Tzetzem
1797 3084 2241 3160 adhuc‘inte·

192 3233 385 3304 grum
436 3202 815 3280 Plutarchi
870 3202 1480 3278 commentarium
1538 3201 1845 3276 habuifl'e
1897 3199 2242 3274 existime-

198 3319 867 3421 mus.Q1idquid
933 3319 1079 3416 ejus
1135 3319 1272 3392 hoc
1335 3317 1586 3392 saeculo
1643 3317 1979 3403 exstabat,
2037 3313 2112 3392 id
2170 3316 2246 3390 in

194 3436 411 3511 Procli
456 3435 1001 3511 Commentario
1044 3431 1386 3522 exstabat,
1434 3461 1561 3510 nec
1606 3433 1750 3532 ipso
1791 3434 1970 3508 forte
2013 3434 2245 3506 adhuc

200 3549 489 3652 integro.
596 3551 820 3626 Unde
880 3553 1002 3624 etsi
1070 3552 1299 3624 multa
1359 3548 1435 3624 in
1495 3551 1690 3626 suam
1747 3575 1902 3624 tem
1964 3548 2248 3623 abstulit

200 3669 498 3742 Tzetzoe
526 3671 757 3744 homo
788 3670 1035 3742 multae
1060 3666 1360 3765 quidem
1390 3665 1729 3754 maionis,
1779 3667 1897 3740 sed
1927 3669 2146 3739 vanus
2175 3677 2248 3736 et

194 3781 509 3875 ὲεᾶιεοτ,
540 3783 839 3859 mirifice
870 3797 1115 3856 tamen
1146 3783 1476 3858 Proclum
1508 3779 1926 3856 contemnit.
2029 3777 2250 3852 Nunc

206 3919 287 3968 ex
314 3901 573 3973 Proclo
617 3923 767 3974 non
817 3895 949 3971 nist
995 3915 1319 3994 excerpta
1354 3897 1744 3971 habemus:
1799 3907 1872 3966 at
1905 3889 2110 3988 plena
2141 3889 2253 3963 illa

210 4011 511 4088 bcormn
550 4015 1147 4112 Plutarcheorum
1196 4015 1289 4088 ad
1333 4039 1513 4112 quos
1559 4009 2016 4108 indagandos,
2061 4005 2252 4080 utilis

218 4124 299 4198 est
336 4129 771 4228 comparatio
818 4125 1144 4213 Tzetzis,
1187 4125 1768 4226 quandoquidem
1801 4143 2046 4196 eorum
2093 4121 2251 4220 plu-

308 4267 481 4319 vot..
522 4273 613 4324 11.
1219 4271 1258 4318 e
