2842 4784
641 244 802 382 xcii·
1191 300 2106 381 PRAEFATIO.

1024 518 1206 593 Loca
1238 546 1282 589 a
1311 518 1396 591 N
1391 510 1581 601 icolao
1616 516 1885 590 Leonico
1913 514 2238 589 emendata
2262 544 2289 585 .·

829 650 910 723 In
947 650 1337 749 Symposiacis
1381 648 1815 745 Quaestionibus
2006 685 2107 707 --
2308 646 2389 717 61
2409 654 2483 743 7.'
2511 732 2520 739 ,

828 762 945 837 De
970 764 1158 859 facie
1190 764 1253 833 in
1288 762 1481 833 Luna
1510 777 1849 867 apparente
2006 796 2107 824 -υ-
2310 760 2475 839 108,

828 878 1026 975 Qod
1048 901 1161 947 non
1190 874 1546 971 respondeat
1575 874 1849 975 versibus
1885 872 2118 969 Pythia
2362 873 2479 963 64.

827 992 1152 1089 Adversus
1191 992 1459 1063 Colotem
1656 1028 1753 1049 --
1963 1025 2064 1045 ·-
2359 1012 2395 1084 7
2406 1008 2474 1082 5.

827 1106 944 1180 De
969 1104 1376 1177 communibus
1408 1104 1645 1175 notitiis
1676 1102 1837 1173 adv.
1877 1103 2111 1173 Stoicos
2316 1124 2341 1171 1
2367 1124 2474 1179 10,

617 1207 634 1313 s
825 1220 941 1293 De
977 1219 1245 1290 Socratis
1280 1218 1609 1289 Daemonio
1848 1254 2048 1275 —-·
2310 1238 2337 1285 1
2352 1238 2390 1309 3
2408 1238 2434 1284 1
2448 1266 2469 1287 .

823 1334 940 1411 De
970 1357 1198 1411 morum
1221 1332 1636 1427 pervetfitate
1665 1328 1981 1403 Herodoti
2313 1351 2339 1397 1
2363 1351 2388 1402 1
2403 1350 2470 1397 0.

2260 1510 2467 1584 1215.

731 1622 1134 1719 Jannotiani
1191 1621 1450 1697 codicis
1506 1623 1575 1692 V
1566 1626 1795 1693 icarum
1851 1614 2287 1691 mentionem
2346 1613 2509 1688 facit
2580 1618 2691 1691 D.
2750 1676 2752 1687 ⁴

633 1740 1066 1812 LAMBu-tus
1122 1736 1214 1809 ad
1271 1734 1563 1810 Horatii
1618 1734 1849 1807 Carm.
1896 1732 1997 1817 iii,
2038 1758 2105 1830 5.
2152 1730 2523 1805 emendans
2578 1734 2693 1804 lo-

629 1876 798 1925 cum
831 1849 1186 1925 Plutarchi
1220 1850 1442 1924 Coton.
1482 1851 1662 1923 Mn.
1700 1872 1775 1944 p.
1804 1850 1970 1946 764,
2004 1846 2103 1919 C:
2138 1847 2286 1923 ἕτως
2318 1850 2382 1915 ου’
2414 1849 2496 1939 τῷ
2526 1846 2689 1935 ξίφει

629 1972 822 2060 finer,
871 1968 1048 2038 aimo?
1095 1966 1200 2037 καὶ
1245 1969 1328 2058 vij
1375 1964 1629 2064 γραφείῳ
1672 1966 1737 2033 *rb
1774 1964 2159 2035 οἶνυπεὸθυνον
2206 1960 2311 2033 καὶ
2352 1962 2417 2029 τὸ
2450 1963 2689 2031 dume-6-

627 2087 780 2153 δικου
815 2082 1052 2162 iris-ww
1083 2108 1100 2151 :
1155 2076 1370 2175 igitur
1401 2080 1551 2149 haec
1582 2074 1778 2149 addit
1812 2103 1829 2146 z
1886 2078 2017 2147 Sed
2056 2102 2131 2147 ne
2170 2079 2380 2147 virum
2410 2074 2685 2165 doc‘tgffi,

629 2216 792 2265 mum
819 2194 1190 2289 eundemque
1236 2192 1392 2263 mihi
1419 2189 1849 2279 amictffimum,
1890 2189 2184 2263 Gulielm.
2228 2192 2511 2263 Sirletum
2544 2216 2687 2261 me·

627 2306 756 2380 rita
777 2305 968 2375 laude
975 2305 1284 2400 fraudem
1319 2331 1396 2375 ac
1405 2306 1693 2401 spoliem,
1724 2306 1780 2375 is
1809 2302 1969 2379 hunc
2004 2302 2341 2381 Plutarchi
2366 2308 2563 2377 locum
2576 2306 2687 2395 sic

604 2418 910 2515 seriptum
941 2420 1006 2488 in
1037 2417 1242 2487 codice
1267 2421 1677 2514 mantgscripto
1708 2416 1861 2489 mihi
1886 2418 2101 2491 Romae
2132 2419 2385 2508 ostendit
2412 2447 2437 2489 .-
2488 2444 2681 2515 quam

605 2532 982 2631 scripturam
1019 2532 1225 2627 postea
1255 2532 1407 2604 mihi
1434 2530 1821 2625 corfirmavit
1853 2533 2041 2603 codex
2075 2532 2329 2605 Donati
2358 2533 2691 2621 Jannoetii

627 2647 1086 2745 mamffcrsptus.
1189 2644 1392 2720 Alius
1453 2648 1829 2719 LAMnnu
1906 2646 2123 2729 locuS,
2188 2644 2313 2741 qui
2372 2647 2463 2719 ad
2520 2672 2721 2748 rem,

627 2760 1298 2861 praesentem'faciat‚
1331 2762 1553 2837 exstat
1584 2762 1659 2835 in
1691 2762 2136 2859 praefatione:
2176 2764 2474 2837 Donatus
2506 2763 2681 2851 Jan-

627 2882 856 2951 noc-iius
907 2878 978 2949 F
971 2882 1300 2951 lorentinus
1353 2904 1537 2951 unum
1594 2878 1898 2979 (Horatii
1946 2874 2249 2974 codicem)
2308 2881 2413 2975 qui
2436 2880 2677 2974 suerat

624 2990 966 3086 ampliffimi
1004 3008 1192 3089 atque
1237 2993 1594 3082 ornatiffi'mi
1634 2992 1999 3086 Rhodolphi
2048 2992 2433 3077 Cardinalis‚
2488 3016 2681 3089 eoque

621 3123 879 3190 mortim,
937 3130 1072 3179 cum
1123 3112 1352 3204 aliquot
1403 3110 1545 3178 aliis
1609 3107 1851 3177 Graecis
1898 3132 1976 3177 ac
2036 3106 2287 3178 Latinis
2332 3106 2430 3180 ad
2476 3106 2675 3202 ipsum

621 3220 968 3309 testamento
993 3238 1395 3315 pervenerat,
1430 3221 1585 3314 mihi
1609 3223 2042 3296 commodavit.

717 3333 1072 3407 Caeterurn
1117 3360 1206 3408 ex
1254 3336 1533 3409 duobus
1568 3334 1699 3408 illis
1734 3334 2183 3428 Jannotianae
2216 3337 2673 3411 Collefflonis

615 3446 1048 3545 apographiS,
1131 3448 1396 3545 plenius
1472 3472 1553 3521 ac
1619 3447 1929 3524 refertius
1990 3449 2093 3523 est
2168 3450 2667 3523 Muretianum

617 3586 836 3667 qum
886 3562 1623 3660 Lugduno-Batavum
1650 3596 1677 3651 3
1726 3566 2305 3661 quandoquidem
2356 3568 2489 3639 hoc
2538 3568 2703 3655 de<

617 3675 951 3772 scriptum
1003 3676 1281 3750 videtur
1335 3702 1422 3751 ex
1484 3678 1913 3772 Jannotiano
1968 3684 2295 3778 exemplo
2340 3682 2671 3756 nondum

615 3794 830 3866 autito
859 3816 942 3865 ac
973 3792 1402 3887 locupletato
1436 3796 1829 3871 multorum
1876 3788 2203 3871 codicum
2248 3797 2671 3894 scriptorum

613 3904 1153 4001 comparatione.
1259 3910 1360 3980 At
1411 3908 1523 3979 vel
1574 3910 1663 3981 fic
1714 3922 1953 3983 tamen
2003 3912 2217 3983 habet
2270 3911 2673 4006 complures

611 4017 938 4100 leffiones
973 4044 1130 4116 quae
1163 4017 1238 4091 in
1274 4018 1684 4093 Muretiano
1716 4022 2211 4096 desiderantur.

715 4134 1050 4211 Dolum
1095 4138 1467 4233 JANNOTI
1490 4166 1554 4226 1,
1608 4141 1741 4211 five
1773 4142 2195 4233 Jmmocn
2218 4167 2282 4228 1,
2334 4162 2498 4214 nam
2544 4134 2665 4219 alii
