2842 4784
727 287 1658 368 PRAEFATIO.
2044 285 2238 368 cxliii

220 475 583 554 Editionem
616 474 921 550 nostram
966 474 1237 550 diutius
1272 471 1544 548 differre
1575 469 1796 548 volui.
1901 471 2030 550 Est
2076 474 2238 550 sane

218 593 311 666 illa
337 593 738 668 Editionum
766 594 1325 690 Verfionumque
1350 591 1670 692 cognitio
1695 615 1864 666 cum
1885 591 2238 686 jucunda,

218 723 347 781 tum
376 707 577 808 digna
604 707 912 784 hominis
942 707 1197 783 literati
1230 707 1463 782 studio
1479 741 1504 796 3
1557 709 1776 782 modo
1809 732 1898 780 ne
1930 707 2240 785 nimium

214 822 263 894 ei
292 821 641 912 tribuatur,
692 839 762 898 et
796 824 1108 921 ipsorum
1140 823 1351 898 lectio
1380 825 1788 898 Auctorem
1819 823 2236 924 negligatur.

214 942 300 1013 Ita
325 941 497 1016 enim
532 941 751 1039 magis
802 943 893 1015 ad
937 939 1197 1016 librarii
1242 939 1616 1038 negotium
1647 965 1868 1038 quam
1896 942 2240 1018 doetrinae

212 1057 480 1134 studitum
513 1060 797 1158 spectet.
902 1062 1037 1134 Sed
1067 1061 1141 1134 in
1174 1061 1560 1134 Plutarcho
1593 1059 1911 1158 quidem,
1953 1058 2240 1158 aliisque

212 1173 366 1246 haud
392 1175 626 1271 paucis
666 1173 931 1249 Graecis
964 1175 1426 1262 Auctor-ihm,
1463 1173 1752 1250 minoris
1803 1174 1922 1250 illa
1956 1175 2058 1249 est
2090 1175 2238 1250 uti·

214 1286 388 1362 litatis
432 1316 647 1387 quam
696 1290 857 1389 quis
904 1287 1341 1388 suspicetur3
1391 1304 1787 1389 propterea,
1828 1291 2026 1390 quod
2059 1317 2238 1389 pau·-

214 1399 429 1476 ciffima
484 1403 769 1479 istarum
824 1403 1249 1479 Editionum
1308 1406 1868 1504 Verfionumque
1924 1429 2080 1502 pars
2141 1407 2238 1480 ab

215 1533 507 1592 accuratae
555 1519 966 1593 hominibus
1016 1518 1353 1593 do&rinae
1402 1519 1590 1594 faeta
1635 1518 1786 1594 estt
1841 1520 2050 1593 nullae
2096 1517 2239 1593 fere

216 1633 285 1704 ad
321 1632 577 1706 codices
610 1635 897 1732 scriptos
942 1636 1207 1710 exactae
1251 1652 1326 1709 et
1370 1634 1722 1734 castigatae
1753 1664 1772 1708 t
1827 1634 1944 1708 sed
1991 1659 2238 1709 omnes

218 1751 715 1843 propemodum,
760 1751 1027 1825 Graecae
1064 1751 1357 1849 quidem
1390 1749 1732 1823 editiones
1765 1774 1857 1823 ex
1888 1748 2238 1846 prioribus

218 1861 597 1939 editionibus
641 1864 983 1963 repetitae,
1035 1867 1127 1939 ad
1175 1864 1684 1962 frequentanda
1715 1863 1788 1937 in
1823 1861 2030 1937 usum
2063 1863 2238 1936 tiro-

221 2001 358 2051 num
400 1981 744 2078 exempla.
846 1982 1019 2054 Una
1066 2006 1157 2054 ex
1216 1978 1621 2054 melioribus
1675 1975 1749 2052 in
1799 1979 1936 2052 hoc
1986 2001 2240 2075 genere

220 2094 623 2170 Editionibus
658 2095 759 2170 est
792 2097 1191 2193 Xylandrea
1225 2095 1436 2170 libelli
1475 2095 1593 2168 De
1618 2095 1942 2193 Legendis
1977 2096 2238 2172 Poetis.-

218 2210 375 2306 atqui
410 2211 502 2285 nil
534 2211 609 2284 in
644 2238 725 2285 ea
757 2212 1001 2310 reperi,
1036 2211 1212 2309 quin
1246 2213 1356 2286 vel
1389 2238 1433 2285 a
1465 2212 1936 2285 Xnmmzo
1973 2209 2050 2282 in
2082 2234 2246 2284 ma·.

211 2321 329 2416 jore
375 2329 616 2402 Graeca
674 2326 1007 2401 Editione
1064 2338 1136 2399 et
1196 2326 1820 2400 Latina-Verfione
1875 2335 2237 2412 notatum,

221 2442 305 2513 vel
342 2468 379 2515 a
430 2467 543 2540 me
592 2443 743 2539 jam
794 2456 1225 2538 occupatum
1276 2441 1464 2514 efl‘et.
1569 2441 1840 2514 Eadem
1883 2437 2238 2513 frustratio

216 2551 323 2628 fuit
360 2555 427 2629 in
464 2555 636 2644 aliis,
688 2556 999 2652 exceptis
1030 2554 1211 2628 forte
1246 2556 1661 2641 TURNEBI,
1713 2556 2238 2640 CAMERARH,

216 2673 284 2744 ad
310 2670 497 2746 illum
529 2675 610 2746 de
647 2673 810 2766 [fide
834 2671 1095 2744 librum
1122 2673 1526 2744 Bam-Len
1556 2693 1638 2741 ac
1663 2669 2237 2752 MARKLANDI,

85 2827 87 2830 >
218 2800 270 2858 et
300 2813 673 2883 paucorum
706 2787 1183 2884 quorumdam
1214 2786 1303 2858 ad
1340 2784 1509 2899 ali&
1543 2781 1782 2869 libros,
1831 2780 2238 2854 annotatio-

220 2899 408 2976 nibuS.
510 2902 834 2976 Profiteri
886 2903 1081 2974 haud
1128 2925 1389 2984 vereor,
1444 2923 1558 2971 me
1604 2897 1758 2970 solis
1803 2896 1976 2968 meis
2008 2894 2238 2992 ipsum

216 3016 396 3112 copiis
426 3017 711 3104 fretum,
746 3017 937 3089 haud
988 3019 1220 3088 multo
1265 3011 1680 3087 deteriorem
1719 3009 2106 3084 editionem
2139 3010 2237 3082 ef·-

216 3129 525 3208 scaurum
578 3133 803 3218 fuisse,
864 3155 1081 3230 quam
1134 3133 1315 3203 hanc
1366 3141 1560 3202 nunc
1603 3127 1922 3202 effectam
1965 3126 2238 3200 auxiliis

220 3247 487 3340 priorum
536 3249 1025 3344 interpretum.
1132 3244 1496 3344 Doctrinae
1539 3242 1768 3318 fontes
1800 3257 2046 3339 patent
2084 3266 2240 3316 om-

222 3359 437 3436 nibus:
490 3363 653 3436 hinc
688 3361 789 3434 illi
820 3385 1047 3458 pauca
1078 3357 1520 3432 delibamnt:
1577 3382 1708 3457 ego
1759 3381 1922 3455 quae
1969 3358 2060 3430 ad
2093 3381 2260 3430 rem·

85 3551 87 3576 ζ
220 3469 481 3551 facerent
530 3501 795 3564 meam,
844 3474 1209 3548 exhaurire
1260 3473 1551 3562 studui3
1601 3489 1686 3547 ut
1734 3471 1833 3548 nil
1875 3470 2076 3546 facile
2128 3497 2245 3545 me

85 3663 87 3676 ς
221 3589 507 3690 effugeret
540 3616 790 3665 eorum
828 3615 989 3688 quae
1022 3591 1111 3661 ab
1146 3585 1273 3661 illis
1323 3589 1595 3685 prolata
1625 3589 1866 3662 effent.
1971 3586 2130 3658 Nec
2171 3581 2245 3655 in

222 3727 288 3774 eo
326 3707 711 3806 quidquam
764 3705 937 3780 mihi
986 3704 1274 3802 superbe
1308 3729 1576 3804 arrogo,
1679 3704 1810 3778 Nil
1860 3702 2022 3777 dico
2069 3700 2244 3797 quin

222 3817 373 3894 idem
404 3824 629 3897 dicere
676 3823 884 3918 poffit
918 3819 1092 3894 alius
1126 3818 1378 3904 editor,
1431 3817 1556 3916 qui
1591 3817 1880 3916 quidem
1928 3831 2244 3912 ternpore

218 3949 273 4006 et
302 3937 543 4024 labore,
598 3951 865 4035 quanta
898 3935 1138 4033 potuit
1182 3933 1573 4032 diligentia,
1624 3931 1860 4030 copias
1893 3928 2248 4029 collegerit

222 4047 341 4125 suas
388 4068 459 4128 et
518 4052 947 4128 instruxerit.
1053 4055 1217 4148 Jam
1274 4051 1505 4124 fontes
1554 4047 1681 4147 qui
1727 4073 1870 4122 non
1914 4047 2248 4120 omnibus

221 4181 455 4257 patent,
504 4168 783 4245 codices
812 4169 973 4244 dico
1008 4166 1319 4266 sc'ript05,
1371 4181 1498 4270 aut
1531 4189 1742 4240 nemo
1775 4161 2022 4238 habuit
2061 4159 2248 4260 prio-
