2842 4784
821 308 1753 397 PRAEFATIO.
2202 311 2333 391 xix

231 504 610 581 verifimile
644 501 752 581 est
781 530 897 581 me
929 507 1142 604 longe
1171 502 1485 602 praestare
1530 500 1813 601 ingenio
1842 524 1927 576 ac
1958 498 2281 573 doctrina
2300 532 2327 587 3

241 637 314 695 et
343 620 534 693 forte
571 619 896 694 breviore
929 636 1248 716 ternpore
1283 618 1645 693 meliorem
1686 618 1815 689 hac
1860 640 2019 689 mea
2054 614 2329 688 Editio·
2423 702 2431 710 ⁸

253 760 414 807 nem
445 736 830 807 effecturos
860 732 1081 808 fuisse.
1154 724 1291 808 Sed
1323 732 1394 805 hi
1434 734 1567 806 hoc
1600 756 1746 803 non
1776 744 2092 831 egerunt.
2144 732 2333 828 Ego,

256 866 336 922 ut
371 847 614 945 potui,
651 848 764 946 egi
799 876 816 920 :
875 874 1000 923 nec
1035 850 1350 925 multum
1398 846 1716 945 quidem,
1773 860 1844 919 at
1898 860 2181 919 tantum
2226 859 2331 919 ta·

265 988 422 1035 men
453 962 754 1036 effecifl'e
785 961 966 1036 visus
1013 962 1190 1047 sum,
1241 963 1441 1060 quod
1490 978 1563 1035 et
1608 959 1909 1035 indoctis
1953 956 2153 1047 utile,
2206 984 2337 1035 nec

267 1077 486 1151 doctis
535 1076 790 1150 inutile
838 1078 1024 1153 effet.
1131 1079 1302 1151 Hoc
1339 1076 1611 1151 secutus
1644 1076 1823 1163 sum,
1868 1076 2005 1148 hoc
2044 1102 2183 1172 prae
2220 1100 2337 1149 me

267 1190 455 1264 fero:
513 1193 666 1265 haec
701 1216 818 1265 me
853 1190 998 1289 spes
1029 1191 1475 1267 confirmavit
1510 1216 1591 1265 ac
1616 1188 2047 1278 sustentavit,
2082 1216 2168 1264 ne
2192 1188 2331 1265 sus-

273 1320 547 1401 ceptam
579 1298 968 1379 editionem
1002 1308 1452 1402 deponerem.

365 1423 554 1522 Qae
602 1420 704 1493 est
751 1418 967 1519 igitur
1009 1421 1138 1507 νίς,
1185 1447 1344 1517 quae
1391 1421 1569 1495 ratio
1608 1421 1815 1508 illius,
1867 1422 1955 1497 de
1996 1444 2143 1522 quo
2189 1424 2336 1522 agi

281 1554 456 1621 muS,
509 1536 882 1635 colligendi
929 1552 1300 1633 apparatus
1348 1535 1737 1610 doctrinae?
1791 1536 2142 1635 Principio
2178 1538 2339 1635 qui

277 1650 462 1737 dem,
507 1648 792 1724 futurus
848 1650 1180 1747 interpres
1227 1650 1490 1725 adferat
1538 1665 1939 1725 accuratam
1981 1652 2340 1727 scientiam
2471 1638 2479 1645 ⁸

281 1760 574 1862 Linguae
613 1768 880 1839 Graecae
915 1781 986 1837 et
1021 1764 1517 1862 Antiquitatis,
1560 1764 1691 1840 usu
1724 1767 2079 1841 bonorum
2112 1769 2341 1865 Scrip-

281 1892 518 1952 torum
568 1896 1073 1977 comparatam.
1177 1882 1379 1955 Turn
1432 1881 1823 1953 Auctorem
1875 1879 2079 1953 suum
2128 1883 2341 1977 legat,

279 1995 576 2093 relegat3
651 2009 736 2067 ut
788 1994 936 2090 ejus
991 1994 1404 2081 orationem,
1468 1993 1837 2080 rationem,
1892 1994 2343 2069 consuetudi-

279 2132 462 2195 nem,
495 2108 922 2197 doctrinam,
957 2108 1340 2207 ingenium,
1377 2125 1615 2183 mente
1649 2130 1729 2181 ac
1766 2110 2105 2184 memoria
2138 2136 2337 2185 com-

277 2222 618 2318 plectatur
647 2236 720 2297 et
751 2224 824 2297 in
855 2239 1146 2319 promtu
1181 2226 1460 2297 habeat.
1551 2224 1910 2322 Denique,
1950 2228 2147 2324 quod
2180 2253 2341 2325 pro·

275 2336 506 2433 prium
559 2362 642 2411 ac
689 2338 1132 2435 praecipuum
1181 2336 1282 2413 est
1331 2339 1541 2434 hujus
1587 2339 1823 2425 officii,
1874 2340 2149 2439 legendi
2181 2341 2345 2417 sunt

277 2454 662 2551 Scriptores
697 2452 969 2551 antiqui
1004 2452 1316 2550 plerique
1363 2473 1629 2541 ornnes,
1682 2452 2093 2528 recentiores
2128 2454 2347 2541 etiarn

275 2568 576 2665 optimi:
639 2592 730 2641 ex
776 2568 856 2641 iis
893 2568 1264 2667 colligendi
1317 2568 1455 2641 loci
1507 2566 1847 2663 ejusmodi
1899 2566 2025 2665 qui
2069 2570 2345 2644 valeant
2390 2601 2401 2611 ·

275 2685 362 2756 ad
395 2682 733 2757 Auctoris
763 2684 956 2756 locos
1005 2708 1174 2757 cum
1220 2697 1588 2781 corruptos
1634 2681 2135 2789 emendandOS,
2184 2704 2347 2757 tum

274 2798 604 2877 obscuros
657 2796 1138 2871 illustrandos:
1193 2822 1425 2895 neque
1469 2800 1605 2869 hoc
1652 2798 2007 2895 agendum
2060 2822 2344 2894 percur-

275 2912 496 2986 rendis
541 2910 674 2985 illis
719 2910 1216 3009 Scriptoribus‚
1267 2925 1419 2998 aut,
1472 2912 1671 3008 quod
1712 2913 1908 3008 pejus
1954 2911 2169 2985 etiam
2214 2912 2341 3001 est,

273 3027 438 3101 locis
487 3050 612 3125 per
671 3026 946 3100 Indices
991 3029 1316 3125 vulgatos
1367 3025 1800 3123 indagandiS,
1848 3024 1963 3099 sed
2000 3026 2343 3103 meditata

273 3166 358 3214 ac
410 3142 746 3241 diligente
807 3140 1119 3238 ipsorum
1175 3140 1475 3215 lectione
1539 3140 2033 3241 Scriptorum:
2109 3168 2343 3241 neque

275 3254 430 3329 satis
461 3255 566 3329 est
593 3256 784 3329 locos
802 3242 970 3329 'illos
1004 3256 1511 3329 tantummodo
1536 3256 1875 3383 collegiffe
1908 3274 1979 3329 et
2011 3258 2343 3345 attulisse,

277 3369 388 3445 sed
429 3370 640 3469 ipfius
689 3370 906 3443 etiarn
955 3370 1294 3443 doctrinae
1337 3384 1408 3443 et
1452 3369 1615 3442 artis
1658 3371 1856 3467 cujus
1900 3370 2194 3481 quisque
2243 3372 2344 3445 est

277 3486 490 3574 locus,
528 3484 780 3573 totiuS,
813 3487 1002 3583 quafi
1035 3483 1366 3581 corporiS,
1399 3480 1627 3557 forma
1658 3500 1724 3558 et
1758 3500 1987 3583 partes
2024 3488 2343 3561 tenendae

277 3598 459 3675 sunt.
2178 3630 2183 3635 ·

369 3718 538 3811 Jam
591 3716 732 3789 hoc
791 3713 1158 3814 negotium
1221 3728 1575 3813 quantum
1634 3706 1907 3789 differat
1968 3728 2213 3788 utrum
2264 3714 2339 3789 in

281 3852 490 3925 parvo
525 3856 615 3903 an
649 3853 910 3928 magno
941 3830 1146 3917 libro,
1198 3830 1465 3903 utrum'
1496 3828 1568 3902 in
1614 3827 1821 3901 unius
1866 3851 1957 3899 an
1990 3826 2337 3904 universo-

277 3970 434 4018 rum
479 3944 1063 4019 Plutarcheorum
1103 3942 1412 4017 editione
1455 3942 1797 4015 librorum
1846 3958 2119 4039 agatur,
2170 3968 2341 4017 cum

279 4084 488 4133 nemo
525 4085 674 4133 non
707 4058 1059 4159 intelligit,
1093 4076 1250 4133 tum
1286 4058 1505 4156 magis
1531 4055 1743 4132 etiam
1775 4054 2226 4156 intelligetur,
2263 4062 2339 4147 fi,

281 4174 456 4271 quid
489 4172 662 4255 mihi
696 4173 1046 4264 acciderit,
1082 4198 1467 4253 narravero.

1176 4362 1182 4367 ,
1244 4288 1296 4361 b
1333 4313 1374 4363 2
